"id","trade_px","trade_volume","b1","b2","b3","b4","b5","a1","a2","a3","a4","a5","bq1","bq2","bq3","bq4","bq5","aq1","aq2","aq3","aq4","aq5","order_date_time","trades_date_time","update_type"
1,0.0,0.0,8888.0,8887.45,8887.41,8886.51,8886.28,9143.17,9140.0,9139.99,9138.4,9138.0,1086.0,16.0,3.0,37.0,27.0,16.0,238.0,91.0,182.0,45.0,20180423 14:14:38.269000,20000101 00:00:00.000000,1
3,8909.0,38.0,8888.0,8887.45,8887.41,8886.51,8886.28,9143.17,9140.0,9139.99,9138.4,9138.0,1086.0,16.0,3.0,37.0,27.0,16.0,238.0,91.0,182.0,45.0,20180423 14:14:38.269000,20180423 22:14:14.000000,2
4,8908.85,32.0,8888.0,8887.45,8887.41,8886.51,8886.28,9143.17,9140.0,9139.99,9138.4,9138.0,1086.0,16.0,3.0,37.0,27.0,16.0,238.0,91.0,182.0,45.0,20180423 14:14:38.269000,20180423 22:14:14.000000,2
5,8908.85,2.0,8888.0,8887.45,8887.41,8886.51,8886.28,9143.17,9140.0,9139.99,9138.4,9138.0,1086.0,16.0,3.0,37.0,27.0,16.0,238.0,91.0,182.0,45.0,20180423 14:14:38.269000,20180423 22:14:15.000000,2
6,8908.85,144.0,8888.0,8887.45,8887.41,8886.51,8886.28,9143.17,9140.0,9139.99,9138.4,9138.0,1086.0,16.0,3.0,37.0,27.0,16.0,238.0,91.0,182.0,45.0,20180423 14:14:38.269000,20180423 22:14:15.000000,2
7,8908.74,2.0,8888.0,8887.45,8887.41,8886.51,8886.28,9143.17,9140.0,9139.99,9138.4,9138.0,1086.0,16.0,3.0,37.0,27.0,16.0,238.0,91.0,182.0,45.0,20180423 14:14:38.269000,20180423 22:14:15.000000,2
8,8908.74,38.0,8888.0,8887.45,8887.41,8886.51,8886.28,9143.17,9140.0,9139.99,9138.4,9138.0,1086.0,16.0,3.0,37.0,27.0,16.0,238.0,91.0,182.0,45.0,20180423 14:14:38.269000,20180423 22:14:15.000000,2
9,8908.69,108.0,8888.0,8887.45,8887.41,8886.51,8886.28,9143.17,9140.0,9139.99,9138.4,9138.0,1086.0,16.0,3.0,37.0,27.0,16.0,238.0,91.0,182.0,45.0,20180423 14:14:38.269000,20180423 22:14:15.000000,2
10,8908.69,70.0,8888.0,8887.45,8887.41,8886.51,8886.28,9143.17,9140.0,9139.99,9138.4,9138.0,1086.0,16.0,3.0,37.0,27.0,16.0,238.0,91.0,182.0,45.0,20180423 14:14:38.269000,20180423 22:14:15.000000,2
11,8908.69,8.0,8888.0,8887.45,8887.41,8886.51,8886.28,9143.17,9140.0,9139.99,9138.4,9138.0,1086.0,16.0,3.0,37.0,27.0,16.0,238.0,91.0,182.0,45.0,20180423 14:14:38.269000,20180423 22:14:15.000000,2
12,8908.69,260.0,8888.0,8887.45,8887.41,8886.51,8886.28,9143.17,9140.0,9139.99,9138.4,9138.0,1086.0,16.0,3.0,37.0,27.0,16.0,238.0,91.0,182.0,45.0,20180423 14:14:38.269000,20180423 22:14:16.000000,2
13,8908.69,4.0,8888.0,8887.45,8887.41,8886.51,8886.28,9143.17,9140.0,9139.99,9138.4,9138.0,1086.0,16.0,3.0,37.0,27.0,16.0,238.0,91.0,182.0,45.0,20180423 14:14:38.269000,20180423 22:14:16.000000,2
14,8908.69,34.0,8888.0,8887.45,8887.41,8886.51,8886.28,9143.17,9140.0,9139.99,9138.4,9138.0,1086.0,16.0,3.0,37.0,27.0,16.0,238.0,91.0,182.0,45.0,20180423 14:14:38.269000,20180423 22:14:16.000000,2
15,8908.13,6.0,8888.0,8887.45,8887.41,8886.51,8886.28,9143.17,9140.0,9139.99,9138.4,9138.0,1086.0,16.0,3.0,37.0,27.0,16.0,238.0,91.0,182.0,45.0,20180423 14:14:38.269000,20180423 22:14:20.000000,2
16,8908.1,40.0,8888.0,8887.45,8887.41,8886.51,8886.28,9143.17,9140.0,9139.99,9138.4,9138.0,1086.0,16.0,3.0,37.0,27.0,16.0,238.0,91.0,182.0,45.0,20180423 14:14:38.269000,20180423 22:14:20.000000,2
17,8907.0,62.0,8888.0,8887.45,8887.41,8886.51,8886.28,9143.17,9140.0,9139.99,9138.4,9138.0,1086.0,16.0,3.0,37.0,27.0,16.0,238.0,91.0,182.0,45.0,20180423 14:14:38.269000,20180423 22:14:21.000000,2
18,8907.0,24.0,8888.0,8887.45,8887.41,8886.51,8886.28,9143.17,9140.0,9139.99,9138.4,9138.0,1086.0,16.0,3.0,37.0,27.0,16.0,238.0,91.0,182.0,45.0,20180423 14:14:38.269000,20180423 22:14:21.000000,2
19,8907.0,2.0,8888.0,8887.45,8887.41,8886.51,8886.28,9143.17,9140.0,9139.99,9138.4,9138.0,1086.0,16.0,3.0,37.0,27.0,16.0,238.0,91.0,182.0,45.0,20180423 14:14:38.269000,20180423 22:14:21.000000,2
20,8906.01,2.0,8888.0,8887.45,8887.41,8886.51,8886.28,9143.17,9140.0,9139.99,9138.4,9138.0,1086.0,16.0,3.0,37.0,27.0,16.0,238.0,91.0,182.0,45.0,20180423 14:14:38.269000,20180423 22:14:21.000000,2
21,8906.01,6.0,8888.0,8887.45,8887.41,8886.51,8886.28,9143.17,9140.0,9139.99,9138.4,9138.0,1086.0,16.0,3.0,37.0,27.0,16.0,238.0,91.0,182.0,45.0,20180423 14:14:38.269000,20180423 22:14:21.000000,2
22,8906.01,2.0,8888.0,8887.45,8887.41,8886.51,8886.28,9143.17,9140.0,9139.99,9138.4,9138.0,1086.0,16.0,3.0,37.0,27.0,16.0,238.0,91.0,182.0,45.0,20180423 14:14:38.269000,20180423 22:14:21.000000,2
23,8906.01,10.0,8888.0,8887.45,8887.41,8886.51,8886.28,9143.17,9140.0,9139.99,9138.4,9138.0,1086.0,16.0,3.0,37.0,27.0,16.0,238.0,91.0,182.0,45.0,20180423 14:14:38.269000,20180423 22:14:21.000000,2
24,8906.01,6.0,8888.0,8887.45,8887.41,8886.51,8886.28,9143.17,9140.0,9139.99,9138.4,9138.0,1086.0,16.0,3.0,37.0,27.0,16.0,238.0,91.0,182.0,45.0,20180423 14:14:38.269000,20180423 22:14:21.000000,2
25,8906.01,24.0,8888.0,8887.45,8887.41,8886.51,8886.28,9143.17,9140.0,9139.99,9138.4,9138.0,1086.0,16.0,3.0,37.0,27.0,16.0,238.0,91.0,182.0,45.0,20180423 14:14:38.269000,20180423 22:14:21.000000,2
26,8906.0,2.0,8888.0,8887.45,8887.41,8886.51,8886.28,9143.17,9140.0,9139.99,9138.4,9138.0,1086.0,16.0,3.0,37.0,27.0,16.0,238.0,91.0,182.0,45.0,20180423 14:14:38.269000,20180423 22:14:22.000000,2
27,8906.0,2.0,8888.0,8887.45,8887.41,8886.51,8886.28,9143.17,9140.0,9139.99,9138.4,9138.0,1086.0,16.0,3.0,37.0,27.0,16.0,238.0,91.0,182.0,45.0,20180423 14:14:38.269000,20180423 22:14:22.000000,2
28,8906.0,20.0,8888.0,8887.45,8887.41,8886.51,8886.28,9143.17,9140.0,9139.99,9138.4,9138.0,1086.0,16.0,3.0,37.0,27.0,16.0,238.0,91.0,182.0,45.0,20180423 14:14:38.269000,20180423 22:14:23.000000,2
29,8906.0,2.0,8888.0,8887.45,8887.41,8886.51,8886.28,9143.17,9140.0,9139.99,9138.4,9138.0,1086.0,16.0,3.0,37.0,27.0,16.0,238.0,91.0,182.0,45.0,20180423 14:14:38.269000,20180423 22:14:23.000000,2
30,8906.0,2.0,8888.0,8887.45,8887.41,8886.51,8886.28,9143.17,9140.0,9139.99,9138.4,9138.0,1086.0,16.0,3.0,37.0,27.0,16.0,238.0,91.0,182.0,45.0,20180423 14:14:38.269000,20180423 22:14:25.000000,2
31,8906.0,2.0,8888.0,8887.45,8887.41,8886.51,8886.28,9143.17,9140.0,9139.99,9138.4,9138.0,1086.0,16.0,3.0,37.0,27.0,16.0,238.0,91.0,182.0,45.0,20180423 14:14:38.269000,20180423 22:14:26.000000,2
32,8906.0,2.0,8888.0,8887.45,8887.41,8886.51,8886.28,9143.17,9140.0,9139.99,9138.4,9138.0,1086.0,16.0,3.0,37.0,27.0,16.0,238.0,91.0,182.0,45.0,20180423 14:14:38.269000,20180423 22:14:26.000000,2
33,8906.0,20.0,8888.0,8887.45,8887.41,8886.51,8886.28,9143.17,9140.0,9139.99,9138.4,9138.0,1086.0,16.0,3.0,37.0,27.0,16.0,238.0,91.0,182.0,45.0,20180423 14:14:38.269000,20180423 22:14:26.000000,2
34,8906.0,14.0,8888.0,8887.45,8887.41,8886.51,8886.28,9143.17,9140.0,9139.99,9138.4,9138.0,1086.0,16.0,3.0,37.0,27.0,16.0,238.0,91.0,182.0,45.0,20180423 14:14:38.269000,20180423 22:14:26.000000,2
35,8906.0,12.0,8888.0,8887.45,8887.41,8886.51,8886.28,9143.17,9140.0,9139.99,9138.4,9138.0,1086.0,16.0,3.0,37.0,27.0,16.0,238.0,91.0,182.0,45.0,20180423 14:14:38.269000,20180423 22:14:26.000000,2
36,8906.0,14.0,8888.0,8887.45,8887.41,8886.51,8886.28,9143.17,9140.0,9139.99,9138.4,9138.0,1086.0,16.0,3.0,37.0,27.0,16.0,238.0,91.0,182.0,45.0,20180423 14:14:38.269000,20180423 22:14:26.000000,2
37,8906.0,32.0,8888.0,8887.45,8887.41,8886.51,8886.28,9143.17,9140.0,9139.99,9138.4,9138.0,1086.0,16.0,3.0,37.0,27.0,16.0,238.0,91.0,182.0,45.0,20180423 14:14:38.269000,20180423 22:14:26.000000,2
38,8905.1,14.0,8888.0,8887.45,8887.41,8886.51,8886.28,9143.17,9140.0,9139.99,9138.4,9138.0,1086.0,16.0,3.0,37.0,27.0,16.0,238.0,91.0,182.0,45.0,20180423 14:14:38.269000,20180423 22:14:26.000000,2
39,8905.1,26.0,8888.0,8887.45,8887.41,8886.51,8886.28,9143.17,9140.0,9139.99,9138.4,9138.0,1086.0,16.0,3.0,37.0,27.0,16.0,238.0,91.0,182.0,45.0,20180423 14:14:38.269000,20180423 22:14:26.000000,2
40,8902.74,4.0,8888.0,8887.45,8887.41,8886.51,8886.28,9143.17,9140.0,9139.99,9138.4,9138.0,1086.0,16.0,3.0,37.0,27.0,16.0,238.0,91.0,182.0,45.0,20180423 14:14:38.269000,20180423 22:14:26.000000,2
41,8902.36,78.0,8888.0,8887.45,8887.41,8886.51,8886.28,9143.17,9140.0,9139.99,9138.4,9138.0,1086.0,16.0,3.0,37.0,27.0,16.0,238.0,91.0,182.0,45.0,20180423 14:14:38.269000,20180423 22:14:26.000000,2
42,8902.36,98.0,8888.0,8887.45,8887.41,8886.51,8886.28,9143.17,9140.0,9139.99,9138.4,9138.0,1086.0,16.0,3.0,37.0,27.0,16.0,238.0,91.0,182.0,45.0,20180423 14:14:38.269000,20180423 22:14:26.000000,2
43,8902.36,54.0,8888.0,8887.45,8887.41,8886.51,8886.28,9143.17,9140.0,9139.99,9138.4,9138.0,1086.0,16.0,3.0,37.0,27.0,16.0,238.0,91.0,182.0,45.0,20180423 14:14:38.269000,20180423 22:14:26.000000,2
44,8902.69,120.0,8888.0,8887.45,8887.41,8886.51,8886.28,9143.17,9140.0,9139.99,9138.4,9138.0,1086.0,16.0,3.0,37.0,27.0,16.0,238.0,91.0,182.0,45.0,20180423 14:14:38.269000,20180423 22:14:26.000000,2
45,8902.69,40.0,8888.0,8887.45,8887.41,8886.51,8886.28,9143.17,9140.0,9139.99,9138.4,9138.0,1086.0,16.0,3.0,37.0,27.0,16.0,238.0,91.0,182.0,45.0,20180423 14:14:38.269000,20180423 22:14:26.000000,2
46,8902.36,42.0,8888.0,8887.45,8887.41,8886.51,8886.28,9143.17,9140.0,9139.99,9138.4,9138.0,1086.0,16.0,3.0,37.0,27.0,16.0,238.0,91.0,182.0,45.0,20180423 14:14:38.269000,20180423 22:14:26.000000,2
47,8902.36,8.0,8888.0,8887.45,8887.41,8886.51,8886.28,9143.17,9140.0,9139.99,9138.4,9138.0,1086.0,16.0,3.0,37.0,27.0,16.0,238.0,91.0,182.0,45.0,20180423 14:14:38.269000,20180423 22:14:26.000000,2
48,8902.36,34.0,8888.0,8887.45,8887.41,8886.51,8886.28,9143.17,9140.0,9139.99,9138.4,9138.0,1086.0,16.0,3.0,37.0,27.0,16.0,238.0,91.0,182.0,45.0,20180423 14:14:38.269000,20180423 22:14:26.000000,2
49,8902.36,174.0,8888.0,8887.45,8887.41,8886.51,8886.28,9143.17,9140.0,9139.99,9138.4,9138.0,1086.0,16.0,3.0,37.0,27.0,16.0,238.0,91.0,182.0,45.0,20180423 14:14:38.269000,20180423 22:14:26.000000,2
50,8902.33,16.0,8888.0,8887.45,8887.41,8886.51,8886.28,9143.17,9140.0,9139.99,9138.4,9138.0,1086.0,16.0,3.0,37.0,27.0,16.0,238.0,91.0,182.0,45.0,20180423 14:14:38.269000,20180423 22:14:26.000000,2
51,8902.33,2.0,8888.0,8887.45,8887.41,8886.51,8886.28,9143.17,9140.0,9139.99,9138.4,9138.0,1086.0,16.0,3.0,37.0,27.0,16.0,238.0,91.0,182.0,45.0,20180423 14:14:38.269000,20180423 22:14:26.000000,2
52,8902.33,98.0,8888.0,8887.45,8887.41,8886.51,8886.28,9143.17,9140.0,9139.99,9138.4,9138.0,1086.0,16.0,3.0,37.0,27.0,16.0,238.0,91.0,182.0,45.0,20180423 14:14:38.269000,20180423 22:14:26.000000,2
53,8902.33,52.0,8888.0,8887.45,8887.41,8886.51,8886.28,9143.17,9140.0,9139.99,9138.4,9138.0,1086.0,16.0,3.0,37.0,27.0,16.0,238.0,91.0,182.0,45.0,20180423 14:14:38.269000,20180423 22:14:27.000000,2
54,8902.33,10.0,8888.0,8887.45,8887.41,8886.51,8886.28,9143.17,9140.0,9139.99,9138.4,9138.0,1086.0,16.0,3.0,37.0,27.0,16.0,238.0,91.0,182.0,45.0,20180423 14:14:38.269000,20180423 22:14:27.000000,2
55,8902.33,34.0,8888.0,8887.45,8887.41,8886.51,8886.28,9143.17,9140.0,9139.99,9138.4,9138.0,1086.0,16.0,3.0,37.0,27.0,16.0,238.0,91.0,182.0,45.0,20180423 14:14:38.269000,20180423 22:14:27.000000,2
56,8902.3,34.0,8888.0,8887.45,8887.41,8886.51,8886.28,9143.17,9140.0,9139.99,9138.4,9138.0,1086.0,16.0,3.0,37.0,27.0,16.0,238.0,91.0,182.0,45.0,20180423 14:14:38.269000,20180423 22:14:27.000000,2
57,8902.3,56.0,8888.0,8887.45,8887.41,8886.51,8886.28,9143.17,9140.0,9139.99,9138.4,9138.0,1086.0,16.0,3.0,37.0,27.0,16.0,238.0,91.0,182.0,45.0,20180423 14:14:38.269000,20180423 22:14:27.000000,2
58,8902.3,136.0,8888.0,8887.45,8887.41,8886.51,8886.28,9143.17,9140.0,9139.99,9138.4,9138.0,1086.0,16.0,3.0,37.0,27.0,16.0,238.0,91.0,182.0,45.0,20180423 14:14:38.269000,20180423 22:14:27.000000,2
59,8902.3,8.0,8888.0,8887.45,8887.41,8886.51,8886.28,9143.17,9140.0,9139.99,9138.4,9138.0,1086.0,16.0,3.0,37.0,27.0,16.0,238.0,91.0,182.0,45.0,20180423 14:14:38.269000,20180423 22:14:27.000000,2
60,8902.3,84.0,8888.0,8887.45,8887.41,8886.51,8886.28,9143.17,9140.0,9139.99,9138.4,9138.0,1086.0,16.0,3.0,37.0,27.0,16.0,238.0,91.0,182.0,45.0,20180423 14:14:38.269000,20180423 22:14:27.000000,2
61,8902.3,100.0,8888.0,8887.45,8887.41,8886.51,8886.28,9143.17,9140.0,9139.99,9138.4,9138.0,1086.0,16.0,3.0,37.0,27.0,16.0,238.0,91.0,182.0,45.0,20180423 14:14:38.269000,20180423 22:14:27.000000,2
62,8902.0,8.0,8888.0,8887.45,8887.41,8886.51,8886.28,9143.17,9140.0,9139.99,9138.4,9138.0,1086.0,16.0,3.0,37.0,27.0,16.0,238.0,91.0,182.0,45.0,20180423 14:14:38.269000,20180423 22:14:27.000000,2
63,8902.0,12.0,8888.0,8887.45,8887.41,8886.51,8886.28,9143.17,9140.0,9139.99,9138.4,9138.0,1086.0,16.0,3.0,37.0,27.0,16.0,238.0,91.0,182.0,45.0,20180423 14:14:38.269000,20180423 22:14:27.000000,2
64,8902.0,90.0,8888.0,8887.45,8887.41,8886.51,8886.28,9143.17,9140.0,9139.99,9138.4,9138.0,1086.0,16.0,3.0,37.0,27.0,16.0,238.0,91.0,182.0,45.0,20180423 14:14:38.269000,20180423 22:14:27.000000,2
65,8902.0,68.0,8888.0,8887.45,8887.41,8886.51,8886.28,9143.17,9140.0,9139.99,9138.4,9138.0,1086.0,16.0,3.0,37.0,27.0,16.0,238.0,91.0,182.0,45.0,20180423 14:14:38.269000,20180423 22:14:27.000000,2
66,8902.0,36.0,8888.0,8887.45,8887.41,8886.51,8886.28,9143.17,9140.0,9139.99,9138.4,9138.0,1086.0,16.0,3.0,37.0,27.0,16.0,238.0,91.0,182.0,45.0,20180423 14:14:38.269000,20180423 22:14:27.000000,2
67,8902.0,80.0,8888.0,8887.45,8887.41,8886.51,8886.28,9143.17,9140.0,9139.99,9138.4,9138.0,1086.0,16.0,3.0,37.0,27.0,16.0,238.0,91.0,182.0,45.0,20180423 14:14:38.269000,20180423 22:14:27.000000,2
68,8902.0,2.0,8888.0,8887.45,8887.41,8886.51,8886.28,9143.17,9140.0,9139.99,9138.4,9138.0,1086.0,16.0,3.0,37.0,27.0,16.0,238.0,91.0,182.0,45.0,20180423 14:14:38.269000,20180423 22:14:27.000000,2
69,8902.79,20.0,8888.0,8887.45,8887.41,8886.51,8886.28,9143.17,9140.0,9139.99,9138.4,9138.0,1086.0,16.0,3.0,37.0,27.0,16.0,238.0,91.0,182.0,45.0,20180423 14:14:38.269000,20180423 22:14:28.000000,2
70,8902.0,16.0,8888.0,8887.45,8887.41,8886.51,8886.28,9143.17,9140.0,9139.99,9138.4,9138.0,1086.0,16.0,3.0,37.0,27.0,16.0,238.0,91.0,182.0,45.0,20180423 14:14:38.269000,20180423 22:14:28.000000,2
71,8902.0,222.0,8888.0,8887.45,8887.41,8886.51,8886.28,9143.17,9140.0,9139.99,9138.4,9138.0,1086.0,16.0,3.0,37.0,27.0,16.0,238.0,91.0,182.0,45.0,20180423 14:14:38.269000,20180423 22:14:28.000000,2
72,8901.91,28.0,8888.0,8887.45,8887.41,8886.51,8886.28,9143.17,9140.0,9139.99,9138.4,9138.0,1086.0,16.0,3.0,37.0,27.0,16.0,238.0,91.0,182.0,45.0,20180423 14:14:38.269000,20180423 22:14:28.000000,2
73,8901.55,64.0,8888.0,8887.45,8887.41,8886.51,8886.28,9143.17,9140.0,9139.99,9138.4,9138.0,1086.0,16.0,3.0,37.0,27.0,16.0,238.0,91.0,182.0,45.0,20180423 14:14:38.269000,20180423 22:14:28.000000,2
74,8901.11,178.0,8888.0,8887.45,8887.41,8886.51,8886.28,9143.17,9140.0,9139.99,9138.4,9138.0,1086.0,16.0,3.0,37.0,27.0,16.0,238.0,91.0,182.0,45.0,20180423 14:14:38.269000,20180423 22:14:28.000000,2
75,8901.0,60.0,8888.0,8887.45,8887.41,8886.51,8886.28,9143.17,9140.0,9139.99,9138.4,9138.0,1086.0,16.0,3.0,37.0,27.0,16.0,238.0,91.0,182.0,45.0,20180423 14:14:38.269000,20180423 22:14:28.000000,2
76,8901.0,80.0,8888.0,8887.45,8887.41,8886.51,8886.28,9143.17,9140.0,9139.99,9138.4,9138.0,1086.0,16.0,3.0,37.0,27.0,16.0,238.0,91.0,182.0,45.0,20180423 14:14:38.269000,20180423 22:14:28.000000,2
77,8900.05,110.0,8888.0,8887.45,8887.41,8886.51,8886.28,9143.17,9140.0,9139.99,9138.4,9138.0,1086.0,16.0,3.0,37.0,27.0,16.0,238.0,91.0,182.0,45.0,20180423 14:14:38.269000,20180423 22:14:28.000000,2
78,8900.0,320.0,8888.0,8887.45,8887.41,8886.51,8886.28,9143.17,9140.0,9139.99,9138.4,9138.0,1086.0,16.0,3.0,37.0,27.0,16.0,238.0,91.0,182.0,45.0,20180423 14:14:38.269000,20180423 22:14:28.000000,2
79,8900.0,158.0,8888.0,8887.45,8887.41,8886.51,8886.28,9143.17,9140.0,9139.99,9138.4,9138.0,1086.0,16.0,3.0,37.0,27.0,16.0,238.0,91.0,182.0,45.0,20180423 14:14:38.269000,20180423 22:14:28.000000,2
80,8900.0,198.0,8888.0,8887.45,8887.41,8886.51,8886.28,9143.17,9140.0,9139.99,9138.4,9138.0,1086.0,16.0,3.0,37.0,27.0,16.0,238.0,91.0,182.0,45.0,20180423 14:14:38.269000,20180423 22:14:28.000000,2
81,8900.0,2.0,8888.0,8887.45,8887.41,8886.51,8886.28,9143.17,9140.0,9139.99,9138.4,9138.0,1086.0,16.0,3.0,37.0,27.0,16.0,238.0,91.0,182.0,45.0,20180423 14:14:38.269000,20180423 22:14:28.000000,2
82,8900.0,30.0,8888.0,8887.45,8887.41,8886.51,8886.28,9143.17,9140.0,9139.99,9138.4,9138.0,1086.0,16.0,3.0,37.0,27.0,16.0,238.0,91.0,182.0,45.0,20180423 14:14:38.269000,20180423 22:14:28.000000,2
83,8900.0,310.0,8888.0,8887.45,8887.41,8886.51,8886.28,9143.17,9140.0,9139.99,9138.4,9138.0,1086.0,16.0,3.0,37.0,27.0,16.0,238.0,91.0,182.0,45.0,20180423 14:14:38.269000,20180423 22:14:28.000000,2
84,8901.75,20.0,8888.0,8887.45,8887.41,8886.51,8886.28,9143.17,9140.0,9139.99,9138.4,9138.0,1086.0,16.0,3.0,37.0,27.0,16.0,238.0,91.0,182.0,45.0,20180423 14:14:38.269000,20180423 22:14:28.000000,2
85,8901.75,58.0,8888.0,8887.45,8887.41,8886.51,8886.28,9143.17,9140.0,9139.99,9138.4,9138.0,1086.0,16.0,3.0,37.0,27.0,16.0,238.0,91.0,182.0,45.0,20180423 14:14:38.269000,20180423 22:14:28.000000,2
86,8902.0,120.0,8888.0,8887.45,8887.41,8886.51,8886.28,9143.17,9140.0,9139.99,9138.4,9138.0,1086.0,16.0,3.0,37.0,27.0,16.0,238.0,91.0,182.0,45.0,20180423 14:14:38.269000,20180423 22:14:28.000000,2
87,8900.0,30.0,8888.0,8887.45,8887.41,8886.51,8886.28,9143.17,9140.0,9139.99,9138.4,9138.0,1086.0,16.0,3.0,37.0,27.0,16.0,238.0,91.0,182.0,45.0,20180423 14:14:38.269000,20180423 22:14:28.000000,2
88,8900.0,8.0,8888.0,8887.45,8887.41,8886.51,8886.28,9143.17,9140.0,9139.99,9138.4,9138.0,1086.0,16.0,3.0,37.0,27.0,16.0,238.0,91.0,182.0,45.0,20180423 14:14:38.269000,20180423 22:14:28.000000,2
89,8900.0,2.0,8888.0,8887.45,8887.41,8886.51,8886.28,9143.17,9140.0,9139.99,9138.4,9138.0,1086.0,16.0,3.0,37.0,27.0,16.0,238.0,91.0,182.0,45.0,20180423 14:14:38.269000,20180423 22:14:28.000000,2
90,8900.0,156.0,8888.0,8887.45,8887.41,8886.51,8886.28,9143.17,9140.0,9139.99,9138.4,9138.0,1086.0,16.0,3.0,37.0,27.0,16.0,238.0,91.0,182.0,45.0,20180423 14:14:38.269000,20180423 22:14:28.000000,2
91,8902.11,160.0,8888.0,8887.45,8887.41,8886.51,8886.28,9143.17,9140.0,9139.99,9138.4,9138.0,1086.0,16.0,3.0,37.0,27.0,16.0,238.0,91.0,182.0,45.0,20180423 14:14:38.269000,20180423 22:14:28.000000,2
92,8900.0,82.0,8888.0,8887.45,8887.41,8886.51,8886.28,9143.17,9140.0,9139.99,9138.4,9138.0,1086.0,16.0,3.0,37.0,27.0,16.0,238.0,91.0,182.0,45.0,20180423 14:14:38.269000,20180423 22:14:28.000000,2
93,8900.0,288.0,8888.0,8887.45,8887.41,8886.51,8886.28,9143.17,9140.0,9139.99,9138.4,9138.0,1086.0,16.0,3.0,37.0,27.0,16.0,238.0,91.0,182.0,45.0,20180423 14:14:38.269000,20180423 22:14:28.000000,2
94,8900.33,14.0,8888.0,8887.45,8887.41,8886.51,8886.28,9143.17,9140.0,9139.99,9138.4,9138.0,1086.0,16.0,3.0,37.0,27.0,16.0,238.0,91.0,182.0,45.0,20180423 14:14:38.269000,20180423 22:14:28.000000,2
95,8900.0,10.0,8888.0,8887.45,8887.41,8886.51,8886.28,9143.17,9140.0,9139.99,9138.4,9138.0,1086.0,16.0,3.0,37.0,27.0,16.0,238.0,91.0,182.0,45.0,20180423 14:14:38.269000,20180423 22:14:28.000000,2
96,8900.0,108.0,8888.0,8887.45,8887.41,8886.51,8886.28,9143.17,9140.0,9139.99,9138.4,9138.0,1086.0,16.0,3.0,37.0,27.0,16.0,238.0,91.0,182.0,45.0,20180423 14:14:38.269000,20180423 22:14:28.000000,2
97,8900.0,68.0,8888.0,8887.45,8887.41,8886.51,8886.28,9143.17,9140.0,9139.99,9138.4,9138.0,1086.0,16.0,3.0,37.0,27.0,16.0,238.0,91.0,182.0,45.0,20180423 14:14:38.269000,20180423 22:14:28.000000,2
98,8900.0,10.0,8888.0,8887.45,8887.41,8886.51,8886.28,9143.17,9140.0,9139.99,9138.4,9138.0,1086.0,16.0,3.0,37.0,27.0,16.0,238.0,91.0,182.0,45.0,20180423 14:14:38.269000,20180423 22:14:28.000000,2
99,8900.33,4.0,8888.0,8887.45,8887.41,8886.51,8886.28,9143.17,9140.0,9139.99,9138.4,9138.0,1086.0,16.0,3.0,37.0,27.0,16.0,238.0,91.0,182.0,45.0,20180423 14:14:38.269000,20180423 22:14:28.000000,2
100,8902.11,16.0,8888.0,8887.45,8887.41,8886.51,8886.28,9143.17,9140.0,9139.99,9138.4,9138.0,1086.0,16.0,3.0,37.0,27.0,16.0,238.0,91.0,182.0,45.0,20180423 14:14:38.269000,20180423 22:14:28.000000,2
101,8900.0,12.0,8888.0,8887.45,8887.41,8886.51,8886.28,9143.17,9140.0,9139.99,9138.4,9138.0,1086.0,16.0,3.0,37.0,27.0,16.0,238.0,91.0,182.0,45.0,20180423 14:14:38.269000,20180423 22:14:28.000000,2
102,8900.0,84.0,8888.0,8887.45,8887.41,8886.51,8886.28,9143.17,9140.0,9139.99,9138.4,9138.0,1086.0,16.0,3.0,37.0,27.0,16.0,238.0,91.0,182.0,45.0,20180423 14:14:38.269000,20180423 22:14:28.000000,2
103,8900.0,50.0,8888.0,8887.45,8887.41,8886.51,8886.28,9143.17,9140.0,9139.99,9138.4,9138.0,1086.0,16.0,3.0,37.0,27.0,16.0,238.0,91.0,182.0,45.0,20180423 14:14:38.269000,20180423 22:14:28.000000,2
104,8900.0,2.0,8888.0,8887.45,8887.41,8886.51,8886.28,9143.17,9140.0,9139.99,9138.4,9138.0,1086.0,16.0,3.0,37.0,27.0,16.0,238.0,91.0,182.0,45.0,20180423 14:14:38.269000,20180423 22:14:28.000000,2
105,8900.0,2.0,8888.0,8887.45,8887.41,8886.51,8886.28,9143.17,9140.0,9139.99,9138.4,9138.0,1086.0,16.0,3.0,37.0,27.0,16.0,238.0,91.0,182.0,45.0,20180423 14:14:38.269000,20180423 22:14:28.000000,2
106,8900.0,16.0,8888.0,8887.45,8887.41,8886.51,8886.28,9143.17,9140.0,9139.99,9138.4,9138.0,1086.0,16.0,3.0,37.0,27.0,16.0,238.0,91.0,182.0,45.0,20180423 14:14:38.269000,20180423 22:14:28.000000,2
107,8900.0,8.0,8888.0,8887.45,8887.41,8886.51,8886.28,9143.17,9140.0,9139.99,9138.4,9138.0,1086.0,16.0,3.0,37.0,27.0,16.0,238.0,91.0,182.0,45.0,20180423 14:14:38.269000,20180423 22:14:28.000000,2
108,8900.0,12.0,8888.0,8887.45,8887.41,8886.51,8886.28,9143.17,9140.0,9139.99,9138.4,9138.0,1086.0,16.0,3.0,37.0,27.0,16.0,238.0,91.0,182.0,45.0,20180423 14:14:38.269000,20180423 22:14:28.000000,2
109,8900.0,76.0,8888.0,8887.45,8887.41,8886.51,8886.28,9143.17,9140.0,9139.99,9138.4,9138.0,1086.0,16.0,3.0,37.0,27.0,16.0,238.0,91.0,182.0,45.0,20180423 14:14:38.269000,20180423 22:14:28.000000,2
110,8900.0,98.0,8888.0,8887.45,8887.41,8886.51,8886.28,9143.17,9140.0,9139.99,9138.4,9138.0,1086.0,16.0,3.0,37.0,27.0,16.0,238.0,91.0,182.0,45.0,20180423 14:14:38.269000,20180423 22:14:28.000000,2
111,8900.0,108.0,8888.0,8887.45,8887.41,8886.51,8886.28,9143.17,9140.0,9139.99,9138.4,9138.0,1086.0,16.0,3.0,37.0,27.0,16.0,238.0,91.0,182.0,45.0,20180423 14:14:38.269000,20180423 22:14:28.000000,2
112,8900.01,68.0,8888.0,8887.45,8887.41,8886.51,8886.28,9143.17,9140.0,9139.99,9138.4,9138.0,1086.0,16.0,3.0,37.0,27.0,16.0,238.0,91.0,182.0,45.0,20180423 14:14:38.269000,20180423 22:14:28.000000,2
113,8900.01,38.0,8888.0,8887.45,8887.41,8886.51,8886.28,9143.17,9140.0,9139.99,9138.4,9138.0,1086.0,16.0,3.0,37.0,27.0,16.0,238.0,91.0,182.0,45.0,20180423 14:14:38.269000,20180423 22:14:28.000000,2
114,8900.0,12.0,8888.0,8887.45,8887.41,8886.51,8886.28,9143.17,9140.0,9139.99,9138.4,9138.0,1086.0,16.0,3.0,37.0,27.0,16.0,238.0,91.0,182.0,45.0,20180423 14:14:38.269000,20180423 22:14:28.000000,2
115,8900.0,74.0,8888.0,8887.45,8887.41,8886.51,8886.28,9143.17,9140.0,9139.99,9138.4,9138.0,1086.0,16.0,3.0,37.0,27.0,16.0,238.0,91.0,182.0,45.0,20180423 14:14:38.269000,20180423 22:14:28.000000,2
116,8900.0,2.0,8888.0,8887.45,8887.41,8886.51,8886.28,9143.17,9140.0,9139.99,9138.4,9138.0,1086.0,16.0,3.0,37.0,27.0,16.0,238.0,91.0,182.0,45.0,20180423 14:14:38.269000,20180423 22:14:28.000000,2
117,8900.0,164.0,8888.0,8887.45,8887.41,8886.51,8886.28,9143.17,9140.0,9139.99,9138.4,9138.0,1086.0,16.0,3.0,37.0,27.0,16.0,238.0,91.0,182.0,45.0,20180423 14:14:38.269000,20180423 22:14:28.000000,2
118,8900.0,296.0,8888.0,8887.45,8887.41,8886.51,8886.28,9143.17,9140.0,9139.99,9138.4,9138.0,1086.0,16.0,3.0,37.0,27.0,16.0,238.0,91.0,182.0,45.0,20180423 14:14:38.269000,20180423 22:14:28.000000,2
119,8900.0,70.0,8888.0,8887.45,8887.41,8886.51,8886.28,9143.17,9140.0,9139.99,9138.4,9138.0,1086.0,16.0,3.0,37.0,27.0,16.0,238.0,91.0,182.0,45.0,20180423 14:14:38.269000,20180423 22:14:28.000000,2
120,8900.0,380.0,8888.0,8887.45,8887.41,8886.51,8886.28,9143.17,9140.0,9139.99,9138.4,9138.0,1086.0,16.0,3.0,37.0,27.0,16.0,238.0,91.0,182.0,45.0,20180423 14:14:38.269000,20180423 22:14:28.000000,2
121,8900.0,448.0,8888.0,8887.45,8887.41,8886.51,8886.28,9143.17,9140.0,9139.99,9138.4,9138.0,1086.0,16.0,3.0,37.0,27.0,16.0,238.0,91.0,182.0,45.0,20180423 14:14:38.269000,20180423 22:14:28.000000,2
122,8900.0,64.0,8888.0,8887.45,8887.41,8886.51,8886.28,9143.17,9140.0,9139.99,9138.4,9138.0,1086.0,16.0,3.0,37.0,27.0,16.0,238.0,91.0,182.0,45.0,20180423 14:14:38.269000,20180423 22:14:28.000000,2
123,8900.0,2.0,8888.0,8887.45,8887.41,8886.51,8886.28,9143.17,9140.0,9139.99,9138.4,9138.0,1086.0,16.0,3.0,37.0,27.0,16.0,238.0,91.0,182.0,45.0,20180423 14:14:38.269000,20180423 22:14:28.000000,2
124,8900.0,106.0,8888.0,8887.45,8887.41,8886.51,8886.28,9143.17,9140.0,9139.99,9138.4,9138.0,1086.0,16.0,3.0,37.0,27.0,16.0,238.0,91.0,182.0,45.0,20180423 14:14:38.269000,20180423 22:14:28.000000,2
125,8900.0,404.0,8888.0,8887.45,8887.41,8886.51,8886.28,9143.17,9140.0,9139.99,9138.4,9138.0,1086.0,16.0,3.0,37.0,27.0,16.0,238.0,91.0,182.0,45.0,20180423 14:14:38.269000,20180423 22:14:28.000000,2
126,8900.0,82.0,8888.0,8887.45,8887.41,8886.51,8886.28,9143.17,9140.0,9139.99,9138.4,9138.0,1086.0,16.0,3.0,37.0,27.0,16.0,238.0,91.0,182.0,45.0,20180423 14:14:38.269000,20180423 22:14:28.000000,2
127,8900.0,10.0,8888.0,8887.45,8887.41,8886.51,8886.28,9143.17,9140.0,9139.99,9138.4,9138.0,1086.0,16.0,3.0,37.0,27.0,16.0,238.0,91.0,182.0,45.0,20180423 14:14:38.269000,20180423 22:14:28.000000,2
128,8900.0,176.0,8888.0,8887.45,8887.41,8886.51,8886.28,9143.17,9140.0,9139.99,9138.4,9138.0,1086.0,16.0,3.0,37.0,27.0,16.0,238.0,91.0,182.0,45.0,20180423 14:14:38.269000,20180423 22:14:29.000000,2
129,8900.0,2.0,8888.0,8887.45,8887.41,8886.51,8886.28,9143.17,9140.0,9139.99,9138.4,9138.0,1086.0,16.0,3.0,37.0,27.0,16.0,238.0,91.0,182.0,45.0,20180423 14:14:38.269000,20180423 22:14:29.000000,2
130,8900.0,30.0,8888.0,8887.45,8887.41,8886.51,8886.28,9143.17,9140.0,9139.99,9138.4,9138.0,1086.0,16.0,3.0,37.0,27.0,16.0,238.0,91.0,182.0,45.0,20180423 14:14:38.269000,20180423 22:14:29.000000,2
131,8900.0,30.0,8888.0,8887.45,8887.41,8886.51,8886.28,9143.17,9140.0,9139.99,9138.4,9138.0,1086.0,16.0,3.0,37.0,27.0,16.0,238.0,91.0,182.0,45.0,20180423 14:14:38.269000,20180423 22:14:29.000000,2
132,8900.0,68.0,8888.0,8887.45,8887.41,8886.51,8886.28,9143.17,9140.0,9139.99,9138.4,9138.0,1086.0,16.0,3.0,37.0,27.0,16.0,238.0,91.0,182.0,45.0,20180423 14:14:38.269000,20180423 22:14:29.000000,2
133,8900.0,108.0,8888.0,8887.45,8887.41,8886.51,8886.28,9143.17,9140.0,9139.99,9138.4,9138.0,1086.0,16.0,3.0,37.0,27.0,16.0,238.0,91.0,182.0,45.0,20180423 14:14:38.269000,20180423 22:14:29.000000,2
134,8900.0,2.0,8888.0,8887.45,8887.41,8886.51,8886.28,9143.17,9140.0,9139.99,9138.4,9138.0,1086.0,16.0,3.0,37.0,27.0,16.0,238.0,91.0,182.0,45.0,20180423 14:14:38.269000,20180423 22:14:29.000000,2
135,8900.0,106.0,8888.0,8887.45,8887.41,8886.51,8886.28,9143.17,9140.0,9139.99,9138.4,9138.0,1086.0,16.0,3.0,37.0,27.0,16.0,238.0,91.0,182.0,45.0,20180423 14:14:38.269000,20180423 22:14:29.000000,2
136,8900.0,2.0,8888.0,8887.45,8887.41,8886.51,8886.28,9143.17,9140.0,9139.99,9138.4,9138.0,1086.0,16.0,3.0,37.0,27.0,16.0,238.0,91.0,182.0,45.0,20180423 14:14:38.269000,20180423 22:14:29.000000,2
137,8900.0,84.0,8888.0,8887.45,8887.41,8886.51,8886.28,9143.17,9140.0,9139.99,9138.4,9138.0,1086.0,16.0,3.0,37.0,27.0,16.0,238.0,91.0,182.0,45.0,20180423 14:14:38.269000,20180423 22:14:29.000000,2
138,8900.0,50.0,8888.0,8887.45,8887.41,8886.51,8886.28,9143.17,9140.0,9139.99,9138.4,9138.0,1086.0,16.0,3.0,37.0,27.0,16.0,238.0,91.0,182.0,45.0,20180423 14:14:38.269000,20180423 22:14:29.000000,2
139,8900.0,30.0,8888.0,8887.45,8887.41,8886.51,8886.28,9143.17,9140.0,9139.99,9138.4,9138.0,1086.0,16.0,3.0,37.0,27.0,16.0,238.0,91.0,182.0,45.0,20180423 14:14:38.269000,20180423 22:14:29.000000,2
140,8900.0,2.0,8888.0,8887.45,8887.41,8886.51,8886.28,9143.17,9140.0,9139.99,9138.4,9138.0,1086.0,16.0,3.0,37.0,27.0,16.0,238.0,91.0,182.0,45.0,20180423 14:14:38.269000,20180423 22:14:29.000000,2
141,8900.0,2.0,8888.0,8887.45,8887.41,8886.51,8886.28,9143.17,9140.0,9139.99,9138.4,9138.0,1086.0,16.0,3.0,37.0,27.0,16.0,238.0,91.0,182.0,45.0,20180423 14:14:38.269000,20180423 22:14:29.000000,2
142,8900.01,40.0,8888.0,8887.45,8887.41,8886.51,8886.28,9143.17,9140.0,9139.99,9138.4,9138.0,1086.0,16.0,3.0,37.0,27.0,16.0,238.0,91.0,182.0,45.0,20180423 14:14:38.269000,20180423 22:14:29.000000,2
143,8900.0,220.0,8888.0,8887.45,8887.41,8886.51,8886.28,9143.17,9140.0,9139.99,9138.4,9138.0,1086.0,16.0,3.0,37.0,27.0,16.0,238.0,91.0,182.0,45.0,20180423 14:14:38.269000,20180423 22:14:29.000000,2
144,8900.0,2.0,8888.0,8887.45,8887.41,8886.51,8886.28,9143.17,9140.0,9139.99,9138.4,9138.0,1086.0,16.0,3.0,37.0,27.0,16.0,238.0,91.0,182.0,45.0,20180423 14:14:38.269000,20180423 22:14:29.000000,2
145,8900.0,290.0,8888.0,8887.45,8887.41,8886.51,8886.28,9143.17,9140.0,9139.99,9138.4,9138.0,1086.0,16.0,3.0,37.0,27.0,16.0,238.0,91.0,182.0,45.0,20180423 14:14:38.269000,20180423 22:14:29.000000,2
146,8900.0,562.0,8888.0,8887.45,8887.41,8886.51,8886.28,9143.17,9140.0,9139.99,9138.4,9138.0,1086.0,16.0,3.0,37.0,27.0,16.0,238.0,91.0,182.0,45.0,20180423 14:14:38.269000,20180423 22:14:29.000000,2
147,8900.0,64.0,8888.0,8887.45,8887.41,8886.51,8886.28,9143.17,9140.0,9139.99,9138.4,9138.0,1086.0,16.0,3.0,37.0,27.0,16.0,238.0,91.0,182.0,45.0,20180423 14:14:38.269000,20180423 22:14:29.000000,2
148,8900.0,2.0,8888.0,8887.45,8887.41,8886.51,8886.28,9143.17,9140.0,9139.99,9138.4,9138.0,1086.0,16.0,3.0,37.0,27.0,16.0,238.0,91.0,182.0,45.0,20180423 14:14:38.269000,20180423 22:14:29.000000,2
149,8900.0,30.0,8888.0,8887.45,8887.41,8886.51,8886.28,9143.17,9140.0,9139.99,9138.4,9138.0,1086.0,16.0,3.0,37.0,27.0,16.0,238.0,91.0,182.0,45.0,20180423 14:14:38.269000,20180423 22:14:29.000000,2
150,8900.0,622.0,8888.0,8887.45,8887.41,8886.51,8886.28,9143.17,9140.0,9139.99,9138.4,9138.0,1086.0,16.0,3.0,37.0,27.0,16.0,238.0,91.0,182.0,45.0,20180423 14:14:38.269000,20180423 22:14:29.000000,2
151,8900.0,2.0,8888.0,8887.45,8887.41,8886.51,8886.28,9143.17,9140.0,9139.99,9138.4,9138.0,1086.0,16.0,3.0,37.0,27.0,16.0,238.0,91.0,182.0,45.0,20180423 14:14:38.269000,20180423 22:14:29.000000,2
152,8900.0,2.0,8888.0,8887.45,8887.41,8886.51,8886.28,9143.17,9140.0,9139.99,9138.4,9138.0,1086.0,16.0,3.0,37.0,27.0,16.0,238.0,91.0,182.0,45.0,20180423 14:14:38.269000,20180423 22:14:29.000000,2
153,8900.0,4.0,8888.0,8887.45,8887.41,8886.51,8886.28,9143.17,9140.0,9139.99,9138.4,9138.0,1086.0,16.0,3.0,37.0,27.0,16.0,238.0,91.0,182.0,45.0,20180423 14:14:38.269000,20180423 22:14:29.000000,2
154,8900.0,82.0,8888.0,8887.45,8887.41,8886.51,8886.28,9143.17,9140.0,9139.99,9138.4,9138.0,1086.0,16.0,3.0,37.0,27.0,16.0,238.0,91.0,182.0,45.0,20180423 14:14:38.269000,20180423 22:14:30.000000,2
155,8900.0,30.0,8888.0,8887.45,8887.41,8886.51,8886.28,9143.17,9140.0,9139.99,9138.4,9138.0,1086.0,16.0,3.0,37.0,27.0,16.0,238.0,91.0,182.0,45.0,20180423 14:14:38.269000,20180423 22:14:30.000000,2
156,8900.0,2.0,8888.0,8887.45,8887.41,8886.51,8886.28,9143.17,9140.0,9139.99,9138.4,9138.0,1086.0,16.0,3.0,37.0,27.0,16.0,238.0,91.0,182.0,45.0,20180423 14:14:38.269000,20180423 22:14:30.000000,2
157,8900.0,128.0,8888.0,8887.45,8887.41,8886.51,8886.28,9143.17,9140.0,9139.99,9138.4,9138.0,1086.0,16.0,3.0,37.0,27.0,16.0,238.0,91.0,182.0,45.0,20180423 14:14:38.269000,20180423 22:14:30.000000,2
158,8900.0,34.0,8888.0,8887.45,8887.41,8886.51,8886.28,9143.17,9140.0,9139.99,9138.4,9138.0,1086.0,16.0,3.0,37.0,27.0,16.0,238.0,91.0,182.0,45.0,20180423 14:14:38.269000,20180423 22:14:30.000000,2
159,8900.1,118.0,8888.0,8887.45,8887.41,8886.51,8886.28,9143.17,9140.0,9139.99,9138.4,9138.0,1086.0,16.0,3.0,37.0,27.0,16.0,238.0,91.0,182.0,45.0,20180423 14:14:38.269000,20180423 22:14:30.000000,2
160,8900.1,38.0,8888.0,8887.45,8887.41,8886.51,8886.28,9143.17,9140.0,9139.99,9138.4,9138.0,1086.0,16.0,3.0,37.0,27.0,16.0,238.0,91.0,182.0,45.0,20180423 14:14:38.269000,20180423 22:14:30.000000,2
161,8900.1,108.0,8888.0,8887.45,8887.41,8886.51,8886.28,9143.17,9140.0,9139.99,9138.4,9138.0,1086.0,16.0,3.0,37.0,27.0,16.0,238.0,91.0,182.0,45.0,20180423 14:14:38.269000,20180423 22:14:30.000000,2
162,8900.2,6.0,8888.0,8887.45,8887.41,8886.51,8886.28,9143.17,9140.0,9139.99,9138.4,9138.0,1086.0,16.0,3.0,37.0,27.0,16.0,238.0,91.0,182.0,45.0,20180423 14:14:38.269000,20180423 22:14:30.000000,2
163,8900.71,6.0,8888.0,8887.45,8887.41,8886.51,8886.28,9143.17,9140.0,9139.99,9138.4,9138.0,1086.0,16.0,3.0,37.0,27.0,16.0,238.0,91.0,182.0,45.0,20180423 14:14:38.269000,20180423 22:14:30.000000,2
164,8900.0,120.0,8888.0,8887.45,8887.41,8886.51,8886.28,9143.17,9140.0,9139.99,9138.4,9138.0,1086.0,16.0,3.0,37.0,27.0,16.0,238.0,91.0,182.0,45.0,20180423 14:14:38.269000,20180423 22:14:30.000000,2
165,8900.0,96.0,8888.0,8887.45,8887.41,8886.51,8886.28,9143.17,9140.0,9139.99,9138.4,9138.0,1086.0,16.0,3.0,37.0,27.0,16.0,238.0,91.0,182.0,45.0,20180423 14:14:38.269000,20180423 22:14:30.000000,2
166,8900.0,10.0,8888.0,8887.45,8887.41,8886.51,8886.28,9143.17,9140.0,9139.99,9138.4,9138.0,1086.0,16.0,3.0,37.0,27.0,16.0,238.0,91.0,182.0,45.0,20180423 14:14:38.269000,20180423 22:14:30.000000,2
167,8900.0,2.0,8888.0,8887.45,8887.41,8886.51,8886.28,9143.17,9140.0,9139.99,9138.4,9138.0,1086.0,16.0,3.0,37.0,27.0,16.0,238.0,91.0,182.0,45.0,20180423 14:14:38.269000,20180423 22:14:30.000000,2
168,8900.0,14.0,8888.0,8887.45,8887.41,8886.51,8886.28,9143.17,9140.0,9139.99,9138.4,9138.0,1086.0,16.0,3.0,37.0,27.0,16.0,238.0,91.0,182.0,45.0,20180423 14:14:38.269000,20180423 22:14:30.000000,2
169,8900.0,66.0,8888.0,8887.45,8887.41,8886.51,8886.28,9143.17,9140.0,9139.99,9138.4,9138.0,1086.0,16.0,3.0,37.0,27.0,16.0,238.0,91.0,182.0,45.0,20180423 14:14:38.269000,20180423 22:14:30.000000,2
170,8900.0,2.0,8888.0,8887.45,8887.41,8886.51,8886.28,9143.17,9140.0,9139.99,9138.4,9138.0,1086.0,16.0,3.0,37.0,27.0,16.0,238.0,91.0,182.0,45.0,20180423 14:14:38.269000,20180423 22:14:30.000000,2
171,8900.0,2.0,8888.0,8887.45,8887.41,8886.51,8886.28,9143.17,9140.0,9139.99,9138.4,9138.0,1086.0,16.0,3.0,37.0,27.0,16.0,238.0,91.0,182.0,45.0,20180423 14:14:38.269000,20180423 22:14:30.000000,2
172,8900.0,50.0,8888.0,8887.45,8887.41,8886.51,8886.28,9143.17,9140.0,9139.99,9138.4,9138.0,1086.0,16.0,3.0,37.0,27.0,16.0,238.0,91.0,182.0,45.0,20180423 14:14:38.269000,20180423 22:14:30.000000,2
173,8900.0,84.0,8888.0,8887.45,8887.41,8886.51,8886.28,9143.17,9140.0,9139.99,9138.4,9138.0,1086.0,16.0,3.0,37.0,27.0,16.0,238.0,91.0,182.0,45.0,20180423 14:14:38.269000,20180423 22:14:30.000000,2
174,8900.0,152.0,8888.0,8887.45,8887.41,8886.51,8886.28,9143.17,9140.0,9139.99,9138.4,9138.0,1086.0,16.0,3.0,37.0,27.0,16.0,238.0,91.0,182.0,45.0,20180423 14:14:38.269000,20180423 22:14:30.000000,2
175,8900.0,40.0,8888.0,8887.45,8887.41,8886.51,8886.28,9143.17,9140.0,9139.99,9138.4,9138.0,1086.0,16.0,3.0,37.0,27.0,16.0,238.0,91.0,182.0,45.0,20180423 14:14:38.269000,20180423 22:14:30.000000,2
176,8900.0,40.0,8888.0,8887.45,8887.41,8886.51,8886.28,9143.17,9140.0,9139.99,9138.4,9138.0,1086.0,16.0,3.0,37.0,27.0,16.0,238.0,91.0,182.0,45.0,20180423 14:14:38.269000,20180423 22:14:30.000000,2
177,8899.99,176.0,8888.0,8887.45,8887.41,8886.51,8886.28,9143.17,9140.0,9139.99,9138.4,9138.0,1086.0,16.0,3.0,37.0,27.0,16.0,238.0,91.0,182.0,45.0,20180423 14:14:38.269000,20180423 22:14:30.000000,2
178,8897.13,124.0,8888.0,8887.45,8887.41,8886.51,8886.28,9143.17,9140.0,9139.99,9138.4,9138.0,1086.0,16.0,3.0,37.0,27.0,16.0,238.0,91.0,182.0,45.0,20180423 14:14:38.269000,20180423 22:14:30.000000,2
179,8896.13,8.0,8888.0,8887.45,8887.41,8886.51,8886.28,9143.17,9140.0,9139.99,9138.4,9138.0,1086.0,16.0,3.0,37.0,27.0,16.0,238.0,91.0,182.0,45.0,20180423 14:14:38.269000,20180423 22:14:30.000000,2
180,8896.13,2.0,8888.0,8887.45,8887.41,8886.51,8886.28,9143.17,9140.0,9139.99,9138.4,9138.0,1086.0,16.0,3.0,37.0,27.0,16.0,238.0,91.0,182.0,45.0,20180423 14:14:38.269000,20180423 22:14:30.000000,2
181,8896.13,2.0,8888.0,8887.45,8887.41,8886.51,8886.28,9143.17,9140.0,9139.99,9138.4,9138.0,1086.0,16.0,3.0,37.0,27.0,16.0,238.0,91.0,182.0,45.0,20180423 14:14:38.269000,20180423 22:14:30.000000,2
182,8896.13,2.0,8888.0,8887.45,8887.41,8886.51,8886.28,9143.17,9140.0,9139.99,9138.4,9138.0,1086.0,16.0,3.0,37.0,27.0,16.0,238.0,91.0,182.0,45.0,20180423 14:14:38.269000,20180423 22:14:30.000000,2
183,8896.13,82.0,8888.0,8887.45,8887.41,8886.51,8886.28,9143.17,9140.0,9139.99,9138.4,9138.0,1086.0,16.0,3.0,37.0,27.0,16.0,238.0,91.0,182.0,45.0,20180423 14:14:38.269000,20180423 22:14:30.000000,2
184,8896.13,2.0,8888.0,8887.45,8887.41,8886.51,8886.28,9143.17,9140.0,9139.99,9138.4,9138.0,1086.0,16.0,3.0,37.0,27.0,16.0,238.0,91.0,182.0,45.0,20180423 14:14:38.269000,20180423 22:14:30.000000,2
185,8896.13,2.0,8888.0,8887.45,8887.41,8886.51,8886.28,9143.17,9140.0,9139.99,9138.4,9138.0,1086.0,16.0,3.0,37.0,27.0,16.0,238.0,91.0,182.0,45.0,20180423 14:14:38.269000,20180423 22:14:30.000000,2
186,8896.13,108.0,8888.0,8887.45,8887.41,8886.51,8886.28,9143.17,9140.0,9139.99,9138.4,9138.0,1086.0,16.0,3.0,37.0,27.0,16.0,238.0,91.0,182.0,45.0,20180423 14:14:38.269000,20180423 22:14:30.000000,2
187,8896.13,50.0,8888.0,8887.45,8887.41,8886.51,8886.28,9143.17,9140.0,9139.99,9138.4,9138.0,1086.0,16.0,3.0,37.0,27.0,16.0,238.0,91.0,182.0,45.0,20180423 14:14:38.269000,20180423 22:14:30.000000,2
188,8896.13,84.0,8888.0,8887.45,8887.41,8886.51,8886.28,9143.17,9140.0,9139.99,9138.4,9138.0,1086.0,16.0,3.0,37.0,27.0,16.0,238.0,91.0,182.0,45.0,20180423 14:14:38.269000,20180423 22:14:30.000000,2
189,8896.13,70.0,8888.0,8887.45,8887.41,8886.51,8886.28,9143.17,9140.0,9139.99,9138.4,9138.0,1086.0,16.0,3.0,37.0,27.0,16.0,238.0,91.0,182.0,45.0,20180423 14:14:38.269000,20180423 22:14:30.000000,2
190,8896.13,2.0,8888.0,8887.45,8887.41,8886.51,8886.28,9143.17,9140.0,9139.99,9138.4,9138.0,1086.0,16.0,3.0,37.0,27.0,16.0,238.0,91.0,182.0,45.0,20180423 14:14:38.269000,20180423 22:14:30.000000,2
191,8896.13,2.0,8888.0,8887.45,8887.41,8886.51,8886.28,9143.17,9140.0,9139.99,9138.4,9138.0,1086.0,16.0,3.0,37.0,27.0,16.0,238.0,91.0,182.0,45.0,20180423 14:14:38.269000,20180423 22:14:30.000000,2
192,8896.13,2.0,8888.0,8887.45,8887.41,8886.51,8886.28,9143.17,9140.0,9139.99,9138.4,9138.0,1086.0,16.0,3.0,37.0,27.0,16.0,238.0,91.0,182.0,45.0,20180423 14:14:38.269000,20180423 22:14:30.000000,2
193,8896.13,2.0,8888.0,8887.45,8887.41,8886.51,8886.28,9143.17,9140.0,9139.99,9138.4,9138.0,1086.0,16.0,3.0,37.0,27.0,16.0,238.0,91.0,182.0,45.0,20180423 14:14:38.269000,20180423 22:14:30.000000,2
194,8896.13,2.0,8888.0,8887.45,8887.41,8886.51,8886.28,9143.17,9140.0,9139.99,9138.4,9138.0,1086.0,16.0,3.0,37.0,27.0,16.0,238.0,91.0,182.0,45.0,20180423 14:14:38.269000,20180423 22:14:30.000000,2
195,8896.13,2.0,8888.0,8887.45,8887.41,8886.51,8886.28,9143.17,9140.0,9139.99,9138.4,9138.0,1086.0,16.0,3.0,37.0,27.0,16.0,238.0,91.0,182.0,45.0,20180423 14:14:38.269000,20180423 22:14:30.000000,2
196,8896.13,76.0,8888.0,8887.45,8887.41,8886.51,8886.28,9143.17,9140.0,9139.99,9138.4,9138.0,1086.0,16.0,3.0,37.0,27.0,16.0,238.0,91.0,182.0,45.0,20180423 14:14:38.269000,20180423 22:14:30.000000,2
197,8895.0,10.0,8888.0,8887.45,8887.41,8886.51,8886.28,9143.17,9140.0,9139.99,9138.4,9138.0,1086.0,16.0,3.0,37.0,27.0,16.0,238.0,91.0,182.0,45.0,20180423 14:14:38.269000,20180423 22:14:30.000000,2
198,8895.0,32.0,8888.0,8887.45,8887.41,8886.51,8886.28,9143.17,9140.0,9139.99,9138.4,9138.0,1086.0,16.0,3.0,37.0,27.0,16.0,238.0,91.0,182.0,45.0,20180423 14:14:38.269000,20180423 22:14:30.000000,2
199,8892.78,2.0,8888.0,8887.45,8887.41,8886.51,8886.28,9143.17,9140.0,9139.99,9138.4,9138.0,1086.0,16.0,3.0,37.0,27.0,16.0,238.0,91.0,182.0,45.0,20180423 14:14:38.269000,20180423 22:14:30.000000,2
200,8892.78,140.0,8888.0,8887.45,8887.41,8886.51,8886.28,9143.17,9140.0,9139.99,9138.4,9138.0,1086.0,16.0,3.0,37.0,27.0,16.0,238.0,91.0,182.0,45.0,20180423 14:14:38.269000,20180423 22:14:31.000000,2
201,8894.84,4.0,8888.0,8887.45,8887.41,8886.51,8886.28,9143.17,9140.0,9139.99,9138.4,9138.0,1086.0,16.0,3.0,37.0,27.0,16.0,238.0,91.0,182.0,45.0,20180423 14:14:38.269000,20180423 22:14:31.000000,2
202,8892.78,2.0,8888.0,8887.45,8887.41,8886.51,8886.28,9143.17,9140.0,9139.99,9138.4,9138.0,1086.0,16.0,3.0,37.0,27.0,16.0,238.0,91.0,182.0,45.0,20180423 14:14:38.269000,20180423 22:14:31.000000,2
203,8892.78,2.0,8888.0,8887.45,8887.41,8886.51,8886.28,9143.17,9140.0,9139.99,9138.4,9138.0,1086.0,16.0,3.0,37.0,27.0,16.0,238.0,91.0,182.0,45.0,20180423 14:14:38.269000,20180423 22:14:31.000000,2
204,8892.78,30.0,8888.0,8887.45,8887.41,8886.51,8886.28,9143.17,9140.0,9139.99,9138.4,9138.0,1086.0,16.0,3.0,37.0,27.0,16.0,238.0,91.0,182.0,45.0,20180423 14:14:38.269000,20180423 22:14:31.000000,2
205,8890.83,28.0,8888.0,8887.45,8887.41,8886.51,8886.28,9143.17,9140.0,9139.99,9138.4,9138.0,1086.0,16.0,3.0,37.0,27.0,16.0,238.0,91.0,182.0,45.0,20180423 14:14:38.269000,20180423 22:14:31.000000,2
206,8890.82,60.0,8888.0,8887.45,8887.41,8886.51,8886.28,9143.17,9140.0,9139.99,9138.4,9138.0,1086.0,16.0,3.0,37.0,27.0,16.0,238.0,91.0,182.0,45.0,20180423 14:14:38.269000,20180423 22:14:31.000000,2
207,8890.82,54.0,8888.0,8887.45,8887.41,8886.51,8886.28,9143.17,9140.0,9139.99,9138.4,9138.0,1086.0,16.0,3.0,37.0,27.0,16.0,238.0,91.0,182.0,45.0,20180423 14:14:38.269000,20180423 22:14:31.000000,2
208,8890.0,22.0,8888.0,8887.45,8887.41,8886.51,8886.28,9143.17,9140.0,9139.99,9138.4,9138.0,1086.0,16.0,3.0,37.0,27.0,16.0,238.0,91.0,182.0,45.0,20180423 14:14:38.269000,20180423 22:14:31.000000,2
209,8890.0,10.0,8888.0,8887.45,8887.41,8886.51,8886.28,9143.17,9140.0,9139.99,9138.4,9138.0,1086.0,16.0,3.0,37.0,27.0,16.0,238.0,91.0,182.0,45.0,20180423 14:14:38.269000,20180423 22:14:31.000000,2
210,8889.19,48.0,8888.0,8887.45,8887.41,8886.51,8886.28,9143.17,9140.0,9139.99,9138.4,9138.0,1086.0,16.0,3.0,37.0,27.0,16.0,238.0,91.0,182.0,45.0,20180423 14:14:38.269000,20180423 22:14:31.000000,2
211,8889.0,88.0,8888.0,8887.45,8887.41,8886.51,8886.28,9143.17,9140.0,9139.99,9138.4,9138.0,1086.0,16.0,3.0,37.0,27.0,16.0,238.0,91.0,182.0,45.0,20180423 14:14:38.269000,20180423 22:14:31.000000,2
212,8888.99,124.0,8888.0,8887.45,8887.41,8886.51,8886.28,9143.17,9140.0,9139.99,9138.4,9138.0,1086.0,16.0,3.0,37.0,27.0,16.0,238.0,91.0,182.0,45.0,20180423 14:14:38.269000,20180423 22:14:31.000000,2
213,8888.82,106.0,8888.0,8887.45,8887.41,8886.51,8886.28,9143.17,9140.0,9139.99,9138.4,9138.0,1086.0,16.0,3.0,37.0,27.0,16.0,238.0,91.0,182.0,45.0,20180423 14:14:38.269000,20180423 22:14:31.000000,2
214,8888.8,144.0,8888.0,8887.45,8887.41,8886.51,8886.28,9143.17,9140.0,9139.99,9138.4,9138.0,1086.0,16.0,3.0,37.0,27.0,16.0,238.0,91.0,182.0,45.0,20180423 14:14:38.269000,20180423 22:14:31.000000,2
215,8888.82,2.0,8888.0,8887.45,8887.41,8886.51,8886.28,9143.17,9140.0,9139.99,9138.4,9138.0,1086.0,16.0,3.0,37.0,27.0,16.0,238.0,91.0,182.0,45.0,20180423 14:14:38.269000,20180423 22:14:31.000000,2
216,8888.82,144.0,8888.0,8887.45,8887.41,8886.51,8886.28,9143.17,9140.0,9139.99,9138.4,9138.0,1086.0,16.0,3.0,37.0,27.0,16.0,238.0,91.0,182.0,45.0,20180423 14:14:38.269000,20180423 22:14:31.000000,2
217,8888.82,2.0,8888.0,8887.45,8887.41,8886.51,8886.28,9143.17,9140.0,9139.99,9138.4,9138.0,1086.0,16.0,3.0,37.0,27.0,16.0,238.0,91.0,182.0,45.0,20180423 14:14:38.269000,20180423 22:14:31.000000,2
218,8893.2,66.0,8888.0,8887.45,8887.41,8886.51,8886.28,9143.17,9140.0,9139.99,9138.4,9138.0,1086.0,16.0,3.0,37.0,27.0,16.0,238.0,91.0,182.0,45.0,20180423 14:14:38.269000,20180423 22:14:31.000000,2
219,8888.82,2.0,8888.0,8887.45,8887.41,8886.51,8886.28,9143.17,9140.0,9139.99,9138.4,9138.0,1086.0,16.0,3.0,37.0,27.0,16.0,238.0,91.0,182.0,45.0,20180423 14:14:38.269000,20180423 22:14:31.000000,2
220,8888.82,2.0,8888.0,8887.45,8887.41,8886.51,8886.28,9143.17,9140.0,9139.99,9138.4,9138.0,1086.0,16.0,3.0,37.0,27.0,16.0,238.0,91.0,182.0,45.0,20180423 14:14:38.269000,20180423 22:14:32.000000,2
221,8891.0,4.0,8888.0,8887.45,8887.41,8886.51,8886.28,9143.17,9140.0,9139.99,9138.4,9138.0,1086.0,16.0,3.0,37.0,27.0,16.0,238.0,91.0,182.0,45.0,20180423 14:14:38.269000,20180423 22:14:32.000000,2
222,8889.2,28.0,8888.0,8887.45,8887.41,8886.51,8886.28,9143.17,9140.0,9139.99,9138.4,9138.0,1086.0,16.0,3.0,37.0,27.0,16.0,238.0,91.0,182.0,45.0,20180423 14:14:38.269000,20180423 22:14:32.000000,2
223,8888.8,64.0,8888.0,8887.45,8887.41,8886.51,8886.28,9143.17,9140.0,9139.99,9138.4,9138.0,1086.0,16.0,3.0,37.0,27.0,16.0,238.0,91.0,182.0,45.0,20180423 14:14:38.269000,20180423 22:14:32.000000,2
224,8891.0,60.0,8888.0,8887.45,8887.41,8886.51,8886.28,9143.17,9140.0,9139.99,9138.4,9138.0,1086.0,16.0,3.0,37.0,27.0,16.0,238.0,91.0,182.0,45.0,20180423 14:14:38.269000,20180423 22:14:32.000000,2
225,8888.8,2.0,8888.0,8887.45,8887.41,8886.51,8886.28,9143.17,9140.0,9139.99,9138.4,9138.0,1086.0,16.0,3.0,37.0,27.0,16.0,238.0,91.0,182.0,45.0,20180423 14:14:38.269000,20180423 22:14:32.000000,2
226,8888.8,146.0,8888.0,8887.45,8887.41,8886.51,8886.28,9143.17,9140.0,9139.99,9138.4,9138.0,1086.0,16.0,3.0,37.0,27.0,16.0,238.0,91.0,182.0,45.0,20180423 14:14:38.269000,20180423 22:14:32.000000,2
227,8888.0,34.0,8888.0,8887.45,8887.41,8886.51,8886.28,9143.17,9140.0,9139.99,9138.4,9138.0,1086.0,16.0,3.0,37.0,27.0,16.0,238.0,91.0,182.0,45.0,20180423 14:14:38.269000,20180423 22:14:32.000000,2
228,8888.0,442.0,8888.0,8887.45,8887.41,8886.51,8886.28,9143.17,9140.0,9139.99,9138.4,9138.0,1086.0,16.0,3.0,37.0,27.0,16.0,238.0,91.0,182.0,45.0,20180423 14:14:38.269000,20180423 22:14:32.000000,2
229,8888.0,60.0,8888.0,8887.45,8887.41,8886.51,8886.28,9143.17,9140.0,9139.99,9138.4,9138.0,1086.0,16.0,3.0,37.0,27.0,16.0,238.0,91.0,182.0,45.0,20180423 14:14:38.269000,20180423 22:14:32.000000,2
230,8890.82,60.0,8888.0,8887.45,8887.41,8886.51,8886.28,9143.17,9140.0,9139.99,9138.4,9138.0,1086.0,16.0,3.0,37.0,27.0,16.0,238.0,91.0,182.0,45.0,20180423 14:14:38.269000,20180423 22:14:33.000000,2
231,8890.98,138.0,8888.0,8887.45,8887.41,8886.51,8886.28,9143.17,9140.0,9139.99,9138.4,9138.0,1086.0,16.0,3.0,37.0,27.0,16.0,238.0,91.0,182.0,45.0,20180423 14:14:38.269000,20180423 22:14:33.000000,2
232,8891.0,62.0,8888.0,8887.45,8887.41,8886.51,8886.28,9143.17,9140.0,9139.99,9138.4,9138.0,1086.0,16.0,3.0,37.0,27.0,16.0,238.0,91.0,182.0,45.0,20180423 14:14:38.269000,20180423 22:14:33.000000,2
233,8891.0,10.0,8888.0,8887.45,8887.41,8886.51,8886.28,9143.17,9140.0,9139.99,9138.4,9138.0,1086.0,16.0,3.0,37.0,27.0,16.0,238.0,91.0,182.0,45.0,20180423 14:14:38.269000,20180423 22:14:33.000000,2
234,8891.0,16.0,8888.0,8887.45,8887.41,8886.51,8886.28,9143.17,9140.0,9139.99,9138.4,9138.0,1086.0,16.0,3.0,37.0,27.0,16.0,238.0,91.0,182.0,45.0,20180423 14:14:38.269000,20180423 22:14:33.000000,2
235,8891.0,54.0,8888.0,8887.45,8887.41,8886.51,8886.28,9143.17,9140.0,9139.99,9138.4,9138.0,1086.0,16.0,3.0,37.0,27.0,16.0,238.0,91.0,182.0,45.0,20180423 14:14:38.269000,20180423 22:14:33.000000,2
236,8891.0,2.0,8888.0,8887.45,8887.41,8886.51,8886.28,9143.17,9140.0,9139.99,9138.4,9138.0,1086.0,16.0,3.0,37.0,27.0,16.0,238.0,91.0,182.0,45.0,20180423 14:14:38.269000,20180423 22:14:33.000000,2
237,8888.71,8.0,8888.0,8887.45,8887.41,8886.51,8886.28,9143.17,9140.0,9139.99,9138.4,9138.0,1086.0,16.0,3.0,37.0,27.0,16.0,238.0,91.0,182.0,45.0,20180423 14:14:38.269000,20180423 22:14:33.000000,2
238,8888.0,16.0,8888.0,8887.45,8887.41,8886.51,8886.28,9143.17,9140.0,9139.99,9138.4,9138.0,1086.0,16.0,3.0,37.0,27.0,16.0,238.0,91.0,182.0,45.0,20180423 14:14:38.269000,20180423 22:14:33.000000,2
239,8888.0,2.0,8888.0,8887.45,8887.41,8886.51,8886.28,9143.17,9140.0,9139.99,9138.4,9138.0,1086.0,16.0,3.0,37.0,27.0,16.0,238.0,91.0,182.0,45.0,20180423 14:14:38.269000,20180423 22:14:33.000000,2
240,8891.33,12.0,8888.0,8887.45,8887.41,8886.51,8886.28,9143.17,9140.0,9139.99,9138.4,9138.0,1086.0,16.0,3.0,37.0,27.0,16.0,238.0,91.0,182.0,45.0,20180423 14:14:38.269000,20180423 22:14:33.000000,2
241,8891.86,8.0,8888.0,8887.45,8887.41,8886.51,8886.28,9143.17,9140.0,9139.99,9138.4,9138.0,1086.0,16.0,3.0,37.0,27.0,16.0,238.0,91.0,182.0,45.0,20180423 14:14:38.269000,20180423 22:14:33.000000,2
242,8888.82,2.0,8888.0,8887.45,8887.41,8886.51,8886.28,9143.17,9140.0,9139.99,9138.4,9138.0,1086.0,16.0,3.0,37.0,27.0,16.0,238.0,91.0,182.0,45.0,20180423 14:14:38.269000,20180423 22:14:33.000000,2
243,8889.09,14.0,8888.0,8887.45,8887.41,8886.51,8886.28,9143.17,9140.0,9139.99,9138.4,9138.0,1086.0,16.0,3.0,37.0,27.0,16.0,238.0,91.0,182.0,45.0,20180423 14:14:38.269000,20180423 22:14:33.000000,2
244,8891.86,32.0,8888.0,8887.45,8887.41,8886.51,8886.28,9143.17,9140.0,9139.99,9138.4,9138.0,1086.0,16.0,3.0,37.0,27.0,16.0,238.0,91.0,182.0,45.0,20180423 14:14:38.269000,20180423 22:14:33.000000,2
245,8891.86,40.0,8888.0,8887.45,8887.41,8886.51,8886.28,9143.17,9140.0,9139.99,9138.4,9138.0,1086.0,16.0,3.0,37.0,27.0,16.0,238.0,91.0,182.0,45.0,20180423 14:14:38.269000,20180423 22:14:33.000000,2
246,8892.31,2.0,8888.0,8887.45,8887.41,8886.51,8886.28,9143.17,9140.0,9139.99,9138.4,9138.0,1086.0,16.0,3.0,37.0,27.0,16.0,238.0,91.0,182.0,45.0,20180423 14:14:38.269000,20180423 22:14:33.000000,2
247,8892.31,2.0,8888.0,8887.45,8887.41,8886.51,8886.28,9143.17,9140.0,9139.99,9138.4,9138.0,1086.0,16.0,3.0,37.0,27.0,16.0,238.0,91.0,182.0,45.0,20180423 14:14:38.269000,20180423 22:14:33.000000,2
248,8892.6,34.0,8888.0,8887.45,8887.41,8886.51,8886.28,9143.17,9140.0,9139.99,9138.4,9138.0,1086.0,16.0,3.0,37.0,27.0,16.0,238.0,91.0,182.0,45.0,20180423 14:14:38.269000,20180423 22:14:33.000000,2
249,8893.19,74.0,8888.0,8887.45,8887.41,8886.51,8886.28,9143.17,9140.0,9139.99,9138.4,9138.0,1086.0,16.0,3.0,37.0,27.0,16.0,238.0,91.0,182.0,45.0,20180423 14:14:38.269000,20180423 22:14:33.000000,2
250,8888.82,2.0,8888.0,8887.45,8887.41,8886.51,8886.28,9143.17,9140.0,9139.99,9138.4,9138.0,1086.0,16.0,3.0,37.0,27.0,16.0,238.0,91.0,182.0,45.0,20180423 14:14:38.269000,20180423 22:14:33.000000,2
251,8888.82,2.0,8888.0,8887.45,8887.41,8886.51,8886.28,9143.17,9140.0,9139.99,9138.4,9138.0,1086.0,16.0,3.0,37.0,27.0,16.0,238.0,91.0,182.0,45.0,20180423 14:14:38.269000,20180423 22:14:33.000000,2
252,8893.19,66.0,8888.0,8887.45,8887.41,8886.51,8886.28,9143.17,9140.0,9139.99,9138.4,9138.0,1086.0,16.0,3.0,37.0,27.0,16.0,238.0,91.0,182.0,45.0,20180423 14:14:38.269000,20180423 22:14:33.000000,2
253,8888.82,18.0,8888.0,8887.45,8887.41,8886.51,8886.28,9143.17,9140.0,9139.99,9138.4,9138.0,1086.0,16.0,3.0,37.0,27.0,16.0,238.0,91.0,182.0,45.0,20180423 14:14:38.269000,20180423 22:14:33.000000,2
254,8888.82,2.0,8888.0,8887.45,8887.41,8886.51,8886.28,9143.17,9140.0,9139.99,9138.4,9138.0,1086.0,16.0,3.0,37.0,27.0,16.0,238.0,91.0,182.0,45.0,20180423 14:14:38.269000,20180423 22:14:33.000000,2
255,8888.82,4.0,8888.0,8887.45,8887.41,8886.51,8886.28,9143.17,9140.0,9139.99,9138.4,9138.0,1086.0,16.0,3.0,37.0,27.0,16.0,238.0,91.0,182.0,45.0,20180423 14:14:38.269000,20180423 22:14:33.000000,2
256,8892.58,60.0,8888.0,8887.45,8887.41,8886.51,8886.28,9143.17,9140.0,9139.99,9138.4,9138.0,1086.0,16.0,3.0,37.0,27.0,16.0,238.0,91.0,182.0,45.0,20180423 14:14:38.269000,20180423 22:14:33.000000,2
257,8888.82,2.0,8888.0,8887.45,8887.41,8886.51,8886.28,9143.17,9140.0,9139.99,9138.4,9138.0,1086.0,16.0,3.0,37.0,27.0,16.0,238.0,91.0,182.0,45.0,20180423 14:14:38.269000,20180423 22:14:33.000000,2
258,8888.82,2.0,8888.0,8887.45,8887.41,8886.51,8886.28,9143.17,9140.0,9139.99,9138.4,9138.0,1086.0,16.0,3.0,37.0,27.0,16.0,238.0,91.0,182.0,45.0,20180423 14:14:38.269000,20180423 22:14:33.000000,2
259,8888.32,2.0,8888.0,8887.45,8887.41,8886.51,8886.28,9143.17,9140.0,9139.99,9138.4,9138.0,1086.0,16.0,3.0,37.0,27.0,16.0,238.0,91.0,182.0,45.0,20180423 14:14:38.269000,20180423 22:14:33.000000,2
260,8888.32,10.0,8888.0,8887.45,8887.41,8886.51,8886.28,9143.17,9140.0,9139.99,9138.4,9138.0,1086.0,16.0,3.0,37.0,27.0,16.0,238.0,91.0,182.0,45.0,20180423 14:14:38.269000,20180423 22:14:34.000000,2
261,8888.0,60.0,8888.0,8887.45,8887.41,8886.51,8886.28,9143.17,9140.0,9139.99,9138.4,9138.0,1086.0,16.0,3.0,37.0,27.0,16.0,238.0,91.0,182.0,45.0,20180423 14:14:38.269000,20180423 22:14:34.000000,2
262,8888.0,2.0,8888.0,8887.45,8887.41,8886.51,8886.28,9143.17,9140.0,9139.99,9138.4,9138.0,1086.0,16.0,3.0,37.0,27.0,16.0,238.0,91.0,182.0,45.0,20180423 14:14:38.269000,20180423 22:14:34.000000,2
263,8888.0,100.0,8888.0,8887.45,8887.41,8886.51,8886.28,9143.17,9140.0,9139.99,9138.4,9138.0,1086.0,16.0,3.0,37.0,27.0,16.0,238.0,91.0,182.0,45.0,20180423 14:14:38.269000,20180423 22:14:34.000000,2
264,8888.0,28.0,8888.0,8887.45,8887.41,8886.51,8886.28,9143.17,9140.0,9139.99,9138.4,9138.0,1086.0,16.0,3.0,37.0,27.0,16.0,238.0,91.0,182.0,45.0,20180423 14:14:38.269000,20180423 22:14:34.000000,2
265,8888.0,78.0,8888.0,8887.45,8887.41,8886.51,8886.28,9143.17,9140.0,9139.99,9138.4,9138.0,1086.0,16.0,3.0,37.0,27.0,16.0,238.0,91.0,182.0,45.0,20180423 14:14:38.269000,20180423 22:14:34.000000,2
266,8888.0,2.0,8888.0,8887.45,8887.41,8886.51,8886.28,9143.17,9140.0,9139.99,9138.4,9138.0,1086.0,16.0,3.0,37.0,27.0,16.0,238.0,91.0,182.0,45.0,20180423 14:14:38.269000,20180423 22:14:34.000000,2
267,8888.23,10.0,8888.0,8887.45,8887.41,8886.51,8886.28,9143.17,9140.0,9139.99,9138.4,9138.0,1086.0,16.0,3.0,37.0,27.0,16.0,238.0,91.0,182.0,45.0,20180423 14:14:38.269000,20180423 22:14:34.000000,2
268,8888.33,92.0,8888.0,8887.45,8887.41,8886.51,8886.28,9143.17,9140.0,9139.99,9138.4,9138.0,1086.0,16.0,3.0,37.0,27.0,16.0,238.0,91.0,182.0,45.0,20180423 14:14:38.269000,20180423 22:14:34.000000,2
269,8888.0,32.0,8888.0,8887.45,8887.41,8886.51,8886.28,9143.17,9140.0,9139.99,9138.4,9138.0,1086.0,16.0,3.0,37.0,27.0,16.0,238.0,91.0,182.0,45.0,20180423 14:14:38.269000,20180423 22:14:34.000000,2
270,8888.0,66.0,8888.0,8887.45,8887.41,8886.51,8886.28,9143.17,9140.0,9139.99,9138.4,9138.0,1086.0,16.0,3.0,37.0,27.0,16.0,238.0,91.0,182.0,45.0,20180423 14:14:38.269000,20180423 22:14:34.000000,2
271,8888.0,32.0,8888.0,8887.45,8887.41,8886.51,8886.28,9143.17,9140.0,9139.99,9138.4,9138.0,1086.0,16.0,3.0,37.0,27.0,16.0,238.0,91.0,182.0,45.0,20180423 14:14:38.269000,20180423 22:14:34.000000,2
272,8888.0,800.0,8888.0,8887.45,8887.41,8886.51,8886.28,9143.17,9140.0,9139.99,9138.4,9138.0,1086.0,16.0,3.0,37.0,27.0,16.0,238.0,91.0,182.0,45.0,20180423 14:14:38.269000,20180423 22:14:34.000000,2
273,8888.0,4.0,8888.0,8887.45,8887.41,8886.51,8886.28,9143.17,9140.0,9139.99,9138.4,9138.0,1086.0,16.0,3.0,37.0,27.0,16.0,238.0,91.0,182.0,45.0,20180423 14:14:38.269000,20180423 22:14:34.000000,2
274,8888.0,2.0,8888.0,8887.45,8887.41,8886.51,8886.28,9143.17,9140.0,9139.99,9138.4,9138.0,1086.0,16.0,3.0,37.0,27.0,16.0,238.0,91.0,182.0,45.0,20180423 14:14:38.269000,20180423 22:14:34.000000,2
275,8888.0,66.0,8888.0,8887.45,8887.41,8886.51,8886.28,9143.17,9140.0,9139.99,9138.4,9138.0,1086.0,16.0,3.0,37.0,27.0,16.0,238.0,91.0,182.0,45.0,20180423 14:14:38.269000,20180423 22:14:35.000000,2
276,8888.0,2.0,8888.0,8887.45,8887.41,8886.51,8886.28,9143.17,9140.0,9139.99,9138.4,9138.0,1086.0,16.0,3.0,37.0,27.0,16.0,238.0,91.0,182.0,45.0,20180423 14:14:38.269000,20180423 22:14:35.000000,2
277,8888.32,36.0,8888.0,8887.45,8887.41,8886.51,8886.28,9143.17,9140.0,9139.99,9138.4,9138.0,1086.0,16.0,3.0,37.0,27.0,16.0,238.0,91.0,182.0,45.0,20180423 14:14:38.269000,20180423 22:14:35.000000,2
278,8888.73,140.0,8888.0,8887.45,8887.41,8886.51,8886.28,9143.17,9140.0,9139.99,9138.4,9138.0,1086.0,16.0,3.0,37.0,27.0,16.0,238.0,91.0,182.0,45.0,20180423 14:14:38.269000,20180423 22:14:35.000000,2
279,8888.82,10.0,8888.0,8887.45,8887.41,8886.51,8886.28,9143.17,9140.0,9139.99,9138.4,9138.0,1086.0,16.0,3.0,37.0,27.0,16.0,238.0,91.0,182.0,45.0,20180423 14:14:38.269000,20180423 22:14:35.000000,2
280,8888.82,40.0,8888.0,8887.45,8887.41,8886.51,8886.28,9143.17,9140.0,9139.99,9138.4,9138.0,1086.0,16.0,3.0,37.0,27.0,16.0,238.0,91.0,182.0,45.0,20180423 14:14:38.269000,20180423 22:14:35.000000,2
281,8888.82,200.0,8888.0,8887.45,8887.41,8886.51,8886.28,9143.17,9140.0,9139.99,9138.4,9138.0,1086.0,16.0,3.0,37.0,27.0,16.0,238.0,91.0,182.0,45.0,20180423 14:14:38.269000,20180423 22:14:35.000000,2
282,8888.01,2.0,8888.0,8887.45,8887.41,8886.51,8886.28,9143.17,9140.0,9139.99,9138.4,9138.0,1086.0,16.0,3.0,37.0,27.0,16.0,238.0,91.0,182.0,45.0,20180423 14:14:38.269000,20180423 22:14:36.000000,2
283,8890.45,6.0,8888.0,8887.45,8887.41,8886.51,8886.28,9143.17,9140.0,9139.99,9138.4,9138.0,1086.0,16.0,3.0,37.0,27.0,16.0,238.0,91.0,182.0,45.0,20180423 14:14:38.269000,20180423 22:14:36.000000,2
284,8888.0,102.0,8888.0,8887.45,8887.41,8886.51,8886.28,9143.17,9140.0,9139.99,9138.4,9138.0,1086.0,16.0,3.0,37.0,27.0,16.0,238.0,91.0,182.0,45.0,20180423 14:14:38.269000,20180423 22:14:36.000000,2
285,8888.01,52.0,8888.0,8887.45,8887.41,8886.51,8886.28,9143.17,9140.0,9139.99,9138.4,9138.0,1086.0,16.0,3.0,37.0,27.0,16.0,238.0,91.0,182.0,45.0,20180423 14:14:38.269000,20180423 22:14:36.000000,2
286,8888.0,26.0,8888.0,8887.45,8887.41,8886.51,8886.28,9143.17,9140.0,9139.99,9138.4,9138.0,1086.0,16.0,3.0,37.0,27.0,16.0,238.0,91.0,182.0,45.0,20180423 14:14:38.269000,20180423 22:14:36.000000,2
287,8888.0,110.0,8888.0,8887.45,8887.41,8886.51,8886.28,9143.17,9140.0,9139.99,9138.4,9138.0,1086.0,16.0,3.0,37.0,27.0,16.0,238.0,91.0,182.0,45.0,20180423 14:14:38.269000,20180423 22:14:36.000000,2
288,8888.0,108.0,8888.0,8887.45,8887.41,8886.51,8886.28,9143.17,9140.0,9139.99,9138.4,9138.0,1086.0,16.0,3.0,37.0,27.0,16.0,238.0,91.0,182.0,45.0,20180423 14:14:38.269000,20180423 22:14:36.000000,2
289,8888.21,20.0,8888.0,8887.45,8887.41,8886.51,8886.28,9143.17,9140.0,9139.99,9138.4,9138.0,1086.0,16.0,3.0,37.0,27.0,16.0,238.0,91.0,182.0,45.0,20180423 14:14:38.269000,20180423 22:14:36.000000,2
290,8888.0,16.0,8888.0,8887.45,8887.41,8886.51,8886.28,9143.17,9140.0,9139.99,9138.4,9138.0,1086.0,16.0,3.0,37.0,27.0,16.0,238.0,91.0,182.0,45.0,20180423 14:14:38.269000,20180423 22:14:36.000000,2
291,8888.0,66.0,8888.0,8887.45,8887.41,8886.51,8886.28,9143.17,9140.0,9139.99,9138.4,9138.0,1086.0,16.0,3.0,37.0,27.0,16.0,238.0,91.0,182.0,45.0,20180423 14:14:38.269000,20180423 22:14:36.000000,2
292,8888.0,2.0,8888.0,8887.45,8887.41,8886.51,8886.28,9143.17,9140.0,9139.99,9138.4,9138.0,1086.0,16.0,3.0,37.0,27.0,16.0,238.0,91.0,182.0,45.0,20180423 14:14:38.269000,20180423 22:14:36.000000,2
293,8888.02,86.0,8888.0,8887.45,8887.41,8886.51,8886.28,9143.17,9140.0,9139.99,9138.4,9138.0,1086.0,16.0,3.0,37.0,27.0,16.0,238.0,91.0,182.0,45.0,20180423 14:14:38.269000,20180423 22:14:36.000000,2
294,8888.21,90.0,8888.0,8887.45,8887.41,8886.51,8886.28,9143.17,9140.0,9139.99,9138.4,9138.0,1086.0,16.0,3.0,37.0,27.0,16.0,238.0,91.0,182.0,45.0,20180423 14:14:38.269000,20180423 22:14:36.000000,2
295,8888.21,54.0,8888.0,8887.45,8887.41,8886.51,8886.28,9143.17,9140.0,9139.99,9138.4,9138.0,1086.0,16.0,3.0,37.0,27.0,16.0,238.0,91.0,182.0,45.0,20180423 14:14:38.269000,20180423 22:14:37.000000,2
296,8888.21,20.0,8888.0,8887.45,8887.41,8886.51,8886.28,9143.17,9140.0,9139.99,9138.4,9138.0,1086.0,16.0,3.0,37.0,27.0,16.0,238.0,91.0,182.0,45.0,20180423 14:14:38.269000,20180423 22:14:37.000000,2
297,8888.0,2.0,8888.0,8887.45,8887.41,8886.51,8886.28,9143.17,9140.0,9139.99,9138.4,9138.0,1086.0,16.0,3.0,37.0,27.0,16.0,238.0,91.0,182.0,45.0,20180423 14:14:38.269000,20180423 22:14:37.000000,2
298,8888.0,34.0,8888.0,8887.45,8887.41,8886.51,8886.28,9143.17,9140.0,9139.99,9138.4,9138.0,1086.0,16.0,3.0,37.0,27.0,16.0,238.0,91.0,182.0,45.0,20180423 14:14:38.269000,20180423 22:14:37.000000,2
299,8888.0,50.0,8888.0,8887.45,8887.41,8886.51,8886.28,9143.17,9140.0,9139.99,9138.4,9138.0,1086.0,16.0,3.0,37.0,27.0,16.0,238.0,91.0,182.0,45.0,20180423 14:14:38.269000,20180423 22:14:37.000000,2
300,8888.0,68.0,8888.0,8887.45,8887.41,8886.51,8886.28,9143.17,9140.0,9139.99,9138.4,9138.0,1086.0,16.0,3.0,37.0,27.0,16.0,238.0,91.0,182.0,45.0,20180423 14:14:38.269000,20180423 22:14:37.000000,2
301,8888.0,2.0,8888.0,8887.45,8887.41,8886.51,8886.28,9143.17,9140.0,9139.99,9138.4,9138.0,1086.0,16.0,3.0,37.0,27.0,16.0,238.0,91.0,182.0,45.0,20180423 14:14:38.269000,20180423 22:14:37.000000,2
302,8888.0,2.0,8888.0,8887.45,8887.41,8886.51,8886.28,9143.17,9140.0,9139.99,9138.4,9138.0,1086.0,16.0,3.0,37.0,27.0,16.0,238.0,91.0,182.0,45.0,20180423 14:14:38.269000,20180423 22:14:37.000000,2
603,8888.0,2.0,8888.0,8884.96,8884.2,8883.96,8883.19,9148.0,9147.31,9003.24,8962.8,8951.5,681.0,21.0,0.0,50.0,0.0,2.0,8.0,0.0,14.0,50.0,20180423 14:14:39.522000,20180423 22:14:37.000000,1
605,8888,2,8888.0,8884.96,8884.2,8883.96,8883.19,9148.0,9147.31,9003.24,8962.8,8951.5,681.0,21.0,0.0,50.0,0.0,2.0,8.0,0.0,14.0,50.0,20180423 14:14:39.522000,20180423 22:14:39.000000,2
606,8888,800,8888.0,8884.96,8884.2,8883.96,8883.19,9148.0,9147.31,9003.24,8962.8,8951.5,681.0,21.0,0.0,50.0,0.0,2.0,8.0,0.0,14.0,50.0,20180423 14:14:39.522000,20180423 22:14:39.000000,2
607,8888,2,8888.0,8884.96,8884.2,8883.96,8883.19,9148.0,9147.31,9003.24,8962.8,8951.5,681.0,21.0,0.0,50.0,0.0,2.0,8.0,0.0,14.0,50.0,20180423 14:14:39.522000,20180423 22:14:39.000000,2
608,8888,2,8888.0,8884.96,8884.2,8883.96,8883.19,9148.0,9147.31,9003.24,8962.8,8951.5,681.0,21.0,0.0,50.0,0.0,2.0,8.0,0.0,14.0,50.0,20180423 14:14:39.522000,20180423 22:14:39.000000,2
609,8888.19,110,8888.0,8884.96,8884.2,8883.96,8883.19,9148.0,9147.31,9003.24,8962.8,8951.5,681.0,21.0,0.0,50.0,0.0,2.0,8.0,0.0,14.0,50.0,20180423 14:14:39.522000,20180423 22:14:39.000000,2
610,8888.19,28,8888.0,8884.96,8884.2,8883.96,8883.19,9148.0,9147.31,9003.24,8962.8,8951.5,681.0,21.0,0.0,50.0,0.0,2.0,8.0,0.0,14.0,50.0,20180423 14:14:39.522000,20180423 22:14:39.000000,2
611,8888,2,8888.0,8884.96,8884.2,8883.96,8883.19,9148.0,9147.31,9003.24,8962.8,8951.5,681.0,21.0,0.0,50.0,0.0,2.0,8.0,0.0,14.0,50.0,20180423 14:14:39.522000,20180423 22:14:39.000000,2
612,8888,2,8888.0,8884.96,8884.2,8883.96,8883.19,9148.0,9147.31,9003.24,8962.8,8951.5,681.0,21.0,0.0,50.0,0.0,2.0,8.0,0.0,14.0,50.0,20180423 14:14:39.522000,20180423 22:14:39.000000,2
621,8888,2,8888.0,8887.45,8884.96,8884.22,8883.96,9285.05,9280.0,9260.0,9250.0,9236.0,455.0,0.0,0.0,56.0,0.0,2500.0,38.0,138.0,275.0,27.0,20180423 14:14:40.070000,20180423 22:14:39.000000,1
623,8888,2,8888.0,8887.45,8884.96,8884.22,8883.96,9285.05,9280.0,9260.0,9250.0,9236.0,455.0,0.0,0.0,56.0,0.0,2500.0,38.0,138.0,275.0,27.0,20180423 14:14:40.070000,20180423 22:14:40.000000,2
624,8888,2,8888.0,8887.45,8884.96,8884.22,8883.96,9285.05,9280.0,9260.0,9250.0,9236.0,455.0,0.0,0.0,56.0,0.0,2500.0,38.0,138.0,275.0,27.0,20180423 14:14:40.070000,20180423 22:14:40.000000,2
625,8888,2,8888.0,8887.45,8884.96,8884.22,8883.96,9285.05,9280.0,9260.0,9250.0,9236.0,455.0,0.0,0.0,56.0,0.0,2500.0,38.0,138.0,275.0,27.0,20180423 14:14:40.070000,20180423 22:14:40.000000,2
626,8888,2,8888.0,8887.45,8884.96,8884.22,8883.96,9285.05,9280.0,9260.0,9250.0,9236.0,455.0,0.0,0.0,56.0,0.0,2500.0,38.0,138.0,275.0,27.0,20180423 14:14:40.070000,20180423 22:14:40.000000,2
627,8888,28,8888.0,8887.45,8884.96,8884.22,8883.96,9285.05,9280.0,9260.0,9250.0,9236.0,455.0,0.0,0.0,56.0,0.0,2500.0,38.0,138.0,275.0,27.0,20180423 14:14:40.070000,20180423 22:14:40.000000,2
628,8888,88,8888.0,8887.45,8884.96,8884.22,8883.96,9285.05,9280.0,9260.0,9250.0,9236.0,455.0,0.0,0.0,56.0,0.0,2500.0,38.0,138.0,275.0,27.0,20180423 14:14:40.070000,20180423 22:14:40.000000,2
629,8888,16,8888.0,8887.45,8884.96,8884.22,8883.96,9285.05,9280.0,9260.0,9250.0,9236.0,455.0,0.0,0.0,56.0,0.0,2500.0,38.0,138.0,275.0,27.0,20180423 14:14:40.070000,20180423 22:14:40.000000,2
630,8888,68,8888.0,8887.45,8884.96,8884.22,8883.96,9285.05,9280.0,9260.0,9250.0,9236.0,455.0,0.0,0.0,56.0,0.0,2500.0,38.0,138.0,275.0,27.0,20180423 14:14:40.070000,20180423 22:14:40.000000,2
631,8888,12,8888.0,8887.45,8884.96,8884.22,8883.96,9285.05,9280.0,9260.0,9250.0,9236.0,455.0,0.0,0.0,56.0,0.0,2500.0,38.0,138.0,275.0,27.0,20180423 14:14:40.070000,20180423 22:14:40.000000,2
632,8888,2,8888.0,8887.45,8884.96,8884.22,8883.96,9285.05,9280.0,9260.0,9250.0,9236.0,455.0,0.0,0.0,56.0,0.0,2500.0,38.0,138.0,275.0,27.0,20180423 14:14:40.070000,20180423 22:14:40.000000,2
633,8888,2,8888.0,8887.45,8884.96,8884.22,8883.96,9285.05,9280.0,9260.0,9250.0,9236.0,455.0,0.0,0.0,56.0,0.0,2500.0,38.0,138.0,275.0,27.0,20180423 14:14:40.070000,20180423 22:14:40.000000,2
634,8888,38,8888.0,8887.45,8884.96,8884.22,8883.96,9285.05,9280.0,9260.0,9250.0,9236.0,455.0,0.0,0.0,56.0,0.0,2500.0,38.0,138.0,275.0,27.0,20180423 14:14:40.070000,20180423 22:14:40.000000,2
635,8888,34,8888.0,8887.45,8884.96,8884.22,8883.96,9285.05,9280.0,9260.0,9250.0,9236.0,455.0,0.0,0.0,56.0,0.0,2500.0,38.0,138.0,275.0,27.0,20180423 14:14:40.070000,20180423 22:14:40.000000,2
636,8888.1,2,8888.0,8887.45,8884.96,8884.22,8883.96,9285.05,9280.0,9260.0,9250.0,9236.0,455.0,0.0,0.0,56.0,0.0,2500.0,38.0,138.0,275.0,27.0,20180423 14:14:40.070000,20180423 22:14:40.000000,2
637,8888,50,8888.0,8887.45,8884.96,8884.22,8883.96,9285.05,9280.0,9260.0,9250.0,9236.0,455.0,0.0,0.0,56.0,0.0,2500.0,38.0,138.0,275.0,27.0,20180423 14:14:40.070000,20180423 22:14:40.000000,2
638,8888,2,8888.0,8887.45,8884.96,8884.22,8883.96,9285.05,9280.0,9260.0,9250.0,9236.0,455.0,0.0,0.0,56.0,0.0,2500.0,38.0,138.0,275.0,27.0,20180423 14:14:40.070000,20180423 22:14:40.000000,2
639,8888.1,4,8888.0,8887.45,8884.96,8884.22,8883.96,9285.05,9280.0,9260.0,9250.0,9236.0,455.0,0.0,0.0,56.0,0.0,2500.0,38.0,138.0,275.0,27.0,20180423 14:14:40.070000,20180423 22:14:40.000000,2
640,8888,104,8888.0,8887.45,8884.96,8884.22,8883.96,9285.05,9280.0,9260.0,9250.0,9236.0,455.0,0.0,0.0,56.0,0.0,2500.0,38.0,138.0,275.0,27.0,20180423 14:14:40.070000,20180423 22:14:40.000000,2
659,8888,104,8888.0,8884.22,8881.83,8881.59,8880.86,9285.05,9280.0,9260.0,9250.0,9236.0,226.0,0.0,43.0,19.0,61.0,0.0,0.0,0.0,0.0,0.0,20180423 14:14:40.621000,20180423 22:14:40.000000,1
661,8888,106,8888.0,8884.22,8881.83,8881.59,8880.86,9285.05,9280.0,9260.0,9250.0,9236.0,226.0,0.0,43.0,19.0,61.0,0.0,0.0,0.0,0.0,0.0,20180423 14:14:40.621000,20180423 22:14:40.000000,2
662,8888,62,8888.0,8884.22,8881.83,8881.59,8880.86,9285.05,9280.0,9260.0,9250.0,9236.0,226.0,0.0,43.0,19.0,61.0,0.0,0.0,0.0,0.0,0.0,20180423 14:14:40.621000,20180423 22:14:40.000000,2
663,8888,2,8888.0,8884.22,8881.83,8881.59,8880.86,9285.05,9280.0,9260.0,9250.0,9236.0,226.0,0.0,43.0,19.0,61.0,0.0,0.0,0.0,0.0,0.0,20180423 14:14:40.621000,20180423 22:14:40.000000,2
664,8888,68,8888.0,8884.22,8881.83,8881.59,8880.86,9285.05,9280.0,9260.0,9250.0,9236.0,226.0,0.0,43.0,19.0,61.0,0.0,0.0,0.0,0.0,0.0,20180423 14:14:40.621000,20180423 22:14:40.000000,2
665,8888,18,8888.0,8884.22,8881.83,8881.59,8880.86,9285.05,9280.0,9260.0,9250.0,9236.0,226.0,0.0,43.0,19.0,61.0,0.0,0.0,0.0,0.0,0.0,20180423 14:14:40.621000,20180423 22:14:40.000000,2
666,8888,2,8888.0,8884.22,8881.83,8881.59,8880.86,9285.05,9280.0,9260.0,9250.0,9236.0,226.0,0.0,43.0,19.0,61.0,0.0,0.0,0.0,0.0,0.0,20180423 14:14:40.621000,20180423 22:14:40.000000,2
667,8888,2,8888.0,8884.22,8881.83,8881.59,8880.86,9285.05,9280.0,9260.0,9250.0,9236.0,226.0,0.0,43.0,19.0,61.0,0.0,0.0,0.0,0.0,0.0,20180423 14:14:40.621000,20180423 22:14:40.000000,2
668,8888.17,16,8888.0,8884.22,8881.83,8881.59,8880.86,9285.05,9280.0,9260.0,9250.0,9236.0,226.0,0.0,43.0,19.0,61.0,0.0,0.0,0.0,0.0,0.0,20180423 14:14:40.621000,20180423 22:14:40.000000,2
669,8888.18,142,8888.0,8884.22,8881.83,8881.59,8880.86,9285.05,9280.0,9260.0,9250.0,9236.0,226.0,0.0,43.0,19.0,61.0,0.0,0.0,0.0,0.0,0.0,20180423 14:14:40.621000,20180423 22:14:40.000000,2
670,8888,96,8888.0,8884.22,8881.83,8881.59,8880.86,9285.05,9280.0,9260.0,9250.0,9236.0,226.0,0.0,43.0,19.0,61.0,0.0,0.0,0.0,0.0,0.0,20180423 14:14:40.621000,20180423 22:14:40.000000,2
671,8888,102,8888.0,8884.22,8881.83,8881.59,8880.86,9285.05,9280.0,9260.0,9250.0,9236.0,226.0,0.0,43.0,19.0,61.0,0.0,0.0,0.0,0.0,0.0,20180423 14:14:40.621000,20180423 22:14:40.000000,2
