"id","trade_px","trade_volume","b1","b2","b3","b4","b5","a1","a2","a3","a4","a5","bq1","bq2","bq3","bq4","bq5","aq1","aq2","aq3","aq4","aq5","order_date_time","trades_date_time","update_type"
2,0.0,0.0,8888.0,8887.45,8887.41,8886.51,8886.28,9143.17,9140.0,9139.99,9138.4,9138.0,1086.0,16.0,3.0,37.0,27.0,16.0,238.0,91.0,182.0,45.0,20180423 14:14:38.269000,20000101 00:00:00.000000,1
303,8909.0,38.0,8888.0,8887.45,8887.41,8886.51,8886.28,9143.17,9140.0,9139.99,9138.4,9138.0,1086.0,16.0,3.0,37.0,27.0,16.0,238.0,91.0,182.0,45.0,20180423 14:14:38.269000,20180423 22:14:14.000000,2
304,8908.85,32.0,8888.0,8887.45,8887.41,8886.51,8886.28,9143.17,9140.0,9139.99,9138.4,9138.0,1086.0,16.0,3.0,37.0,27.0,16.0,238.0,91.0,182.0,45.0,20180423 14:14:38.269000,20180423 22:14:14.000000,2
305,8908.85,2.0,8888.0,8887.45,8887.41,8886.51,8886.28,9143.17,9140.0,9139.99,9138.4,9138.0,1086.0,16.0,3.0,37.0,27.0,16.0,238.0,91.0,182.0,45.0,20180423 14:14:38.269000,20180423 22:14:15.000000,2
306,8908.85,144.0,8888.0,8887.45,8887.41,8886.51,8886.28,9143.17,9140.0,9139.99,9138.4,9138.0,1086.0,16.0,3.0,37.0,27.0,16.0,238.0,91.0,182.0,45.0,20180423 14:14:38.269000,20180423 22:14:15.000000,2
307,8908.74,2.0,8888.0,8887.45,8887.41,8886.51,8886.28,9143.17,9140.0,9139.99,9138.4,9138.0,1086.0,16.0,3.0,37.0,27.0,16.0,238.0,91.0,182.0,45.0,20180423 14:14:38.269000,20180423 22:14:15.000000,2
308,8908.74,38.0,8888.0,8887.45,8887.41,8886.51,8886.28,9143.17,9140.0,9139.99,9138.4,9138.0,1086.0,16.0,3.0,37.0,27.0,16.0,238.0,91.0,182.0,45.0,20180423 14:14:38.269000,20180423 22:14:15.000000,2
309,8908.69,108.0,8888.0,8887.45,8887.41,8886.51,8886.28,9143.17,9140.0,9139.99,9138.4,9138.0,1086.0,16.0,3.0,37.0,27.0,16.0,238.0,91.0,182.0,45.0,20180423 14:14:38.269000,20180423 22:14:15.000000,2
310,8908.69,70.0,8888.0,8887.45,8887.41,8886.51,8886.28,9143.17,9140.0,9139.99,9138.4,9138.0,1086.0,16.0,3.0,37.0,27.0,16.0,238.0,91.0,182.0,45.0,20180423 14:14:38.269000,20180423 22:14:15.000000,2
311,8908.69,8.0,8888.0,8887.45,8887.41,8886.51,8886.28,9143.17,9140.0,9139.99,9138.4,9138.0,1086.0,16.0,3.0,37.0,27.0,16.0,238.0,91.0,182.0,45.0,20180423 14:14:38.269000,20180423 22:14:15.000000,2
312,8908.69,260.0,8888.0,8887.45,8887.41,8886.51,8886.28,9143.17,9140.0,9139.99,9138.4,9138.0,1086.0,16.0,3.0,37.0,27.0,16.0,238.0,91.0,182.0,45.0,20180423 14:14:38.269000,20180423 22:14:16.000000,2
313,8908.69,4.0,8888.0,8887.45,8887.41,8886.51,8886.28,9143.17,9140.0,9139.99,9138.4,9138.0,1086.0,16.0,3.0,37.0,27.0,16.0,238.0,91.0,182.0,45.0,20180423 14:14:38.269000,20180423 22:14:16.000000,2
314,8908.69,34.0,8888.0,8887.45,8887.41,8886.51,8886.28,9143.17,9140.0,9139.99,9138.4,9138.0,1086.0,16.0,3.0,37.0,27.0,16.0,238.0,91.0,182.0,45.0,20180423 14:14:38.269000,20180423 22:14:16.000000,2
315,8908.13,6.0,8888.0,8887.45,8887.41,8886.51,8886.28,9143.17,9140.0,9139.99,9138.4,9138.0,1086.0,16.0,3.0,37.0,27.0,16.0,238.0,91.0,182.0,45.0,20180423 14:14:38.269000,20180423 22:14:20.000000,2
316,8908.1,40.0,8888.0,8887.45,8887.41,8886.51,8886.28,9143.17,9140.0,9139.99,9138.4,9138.0,1086.0,16.0,3.0,37.0,27.0,16.0,238.0,91.0,182.0,45.0,20180423 14:14:38.269000,20180423 22:14:20.000000,2
317,8907.0,62.0,8888.0,8887.45,8887.41,8886.51,8886.28,9143.17,9140.0,9139.99,9138.4,9138.0,1086.0,16.0,3.0,37.0,27.0,16.0,238.0,91.0,182.0,45.0,20180423 14:14:38.269000,20180423 22:14:21.000000,2
318,8907.0,24.0,8888.0,8887.45,8887.41,8886.51,8886.28,9143.17,9140.0,9139.99,9138.4,9138.0,1086.0,16.0,3.0,37.0,27.0,16.0,238.0,91.0,182.0,45.0,20180423 14:14:38.269000,20180423 22:14:21.000000,2
319,8907.0,2.0,8888.0,8887.45,8887.41,8886.51,8886.28,9143.17,9140.0,9139.99,9138.4,9138.0,1086.0,16.0,3.0,37.0,27.0,16.0,238.0,91.0,182.0,45.0,20180423 14:14:38.269000,20180423 22:14:21.000000,2
320,8906.01,2.0,8888.0,8887.45,8887.41,8886.51,8886.28,9143.17,9140.0,9139.99,9138.4,9138.0,1086.0,16.0,3.0,37.0,27.0,16.0,238.0,91.0,182.0,45.0,20180423 14:14:38.269000,20180423 22:14:21.000000,2
321,8906.01,6.0,8888.0,8887.45,8887.41,8886.51,8886.28,9143.17,9140.0,9139.99,9138.4,9138.0,1086.0,16.0,3.0,37.0,27.0,16.0,238.0,91.0,182.0,45.0,20180423 14:14:38.269000,20180423 22:14:21.000000,2
322,8906.01,2.0,8888.0,8887.45,8887.41,8886.51,8886.28,9143.17,9140.0,9139.99,9138.4,9138.0,1086.0,16.0,3.0,37.0,27.0,16.0,238.0,91.0,182.0,45.0,20180423 14:14:38.269000,20180423 22:14:21.000000,2
323,8906.01,10.0,8888.0,8887.45,8887.41,8886.51,8886.28,9143.17,9140.0,9139.99,9138.4,9138.0,1086.0,16.0,3.0,37.0,27.0,16.0,238.0,91.0,182.0,45.0,20180423 14:14:38.269000,20180423 22:14:21.000000,2
324,8906.01,6.0,8888.0,8887.45,8887.41,8886.51,8886.28,9143.17,9140.0,9139.99,9138.4,9138.0,1086.0,16.0,3.0,37.0,27.0,16.0,238.0,91.0,182.0,45.0,20180423 14:14:38.269000,20180423 22:14:21.000000,2
325,8906.01,24.0,8888.0,8887.45,8887.41,8886.51,8886.28,9143.17,9140.0,9139.99,9138.4,9138.0,1086.0,16.0,3.0,37.0,27.0,16.0,238.0,91.0,182.0,45.0,20180423 14:14:38.269000,20180423 22:14:21.000000,2
326,8906.0,2.0,8888.0,8887.45,8887.41,8886.51,8886.28,9143.17,9140.0,9139.99,9138.4,9138.0,1086.0,16.0,3.0,37.0,27.0,16.0,238.0,91.0,182.0,45.0,20180423 14:14:38.269000,20180423 22:14:22.000000,2
327,8906.0,2.0,8888.0,8887.45,8887.41,8886.51,8886.28,9143.17,9140.0,9139.99,9138.4,9138.0,1086.0,16.0,3.0,37.0,27.0,16.0,238.0,91.0,182.0,45.0,20180423 14:14:38.269000,20180423 22:14:22.000000,2
328,8906.0,20.0,8888.0,8887.45,8887.41,8886.51,8886.28,9143.17,9140.0,9139.99,9138.4,9138.0,1086.0,16.0,3.0,37.0,27.0,16.0,238.0,91.0,182.0,45.0,20180423 14:14:38.269000,20180423 22:14:23.000000,2
329,8906.0,2.0,8888.0,8887.45,8887.41,8886.51,8886.28,9143.17,9140.0,9139.99,9138.4,9138.0,1086.0,16.0,3.0,37.0,27.0,16.0,238.0,91.0,182.0,45.0,20180423 14:14:38.269000,20180423 22:14:23.000000,2
330,8906.0,2.0,8888.0,8887.45,8887.41,8886.51,8886.28,9143.17,9140.0,9139.99,9138.4,9138.0,1086.0,16.0,3.0,37.0,27.0,16.0,238.0,91.0,182.0,45.0,20180423 14:14:38.269000,20180423 22:14:25.000000,2
331,8906.0,2.0,8888.0,8887.45,8887.41,8886.51,8886.28,9143.17,9140.0,9139.99,9138.4,9138.0,1086.0,16.0,3.0,37.0,27.0,16.0,238.0,91.0,182.0,45.0,20180423 14:14:38.269000,20180423 22:14:26.000000,2
332,8906.0,2.0,8888.0,8887.45,8887.41,8886.51,8886.28,9143.17,9140.0,9139.99,9138.4,9138.0,1086.0,16.0,3.0,37.0,27.0,16.0,238.0,91.0,182.0,45.0,20180423 14:14:38.269000,20180423 22:14:26.000000,2
333,8906.0,20.0,8888.0,8887.45,8887.41,8886.51,8886.28,9143.17,9140.0,9139.99,9138.4,9138.0,1086.0,16.0,3.0,37.0,27.0,16.0,238.0,91.0,182.0,45.0,20180423 14:14:38.269000,20180423 22:14:26.000000,2
334,8906.0,14.0,8888.0,8887.45,8887.41,8886.51,8886.28,9143.17,9140.0,9139.99,9138.4,9138.0,1086.0,16.0,3.0,37.0,27.0,16.0,238.0,91.0,182.0,45.0,20180423 14:14:38.269000,20180423 22:14:26.000000,2
335,8906.0,12.0,8888.0,8887.45,8887.41,8886.51,8886.28,9143.17,9140.0,9139.99,9138.4,9138.0,1086.0,16.0,3.0,37.0,27.0,16.0,238.0,91.0,182.0,45.0,20180423 14:14:38.269000,20180423 22:14:26.000000,2
336,8906.0,14.0,8888.0,8887.45,8887.41,8886.51,8886.28,9143.17,9140.0,9139.99,9138.4,9138.0,1086.0,16.0,3.0,37.0,27.0,16.0,238.0,91.0,182.0,45.0,20180423 14:14:38.269000,20180423 22:14:26.000000,2
337,8906.0,32.0,8888.0,8887.45,8887.41,8886.51,8886.28,9143.17,9140.0,9139.99,9138.4,9138.0,1086.0,16.0,3.0,37.0,27.0,16.0,238.0,91.0,182.0,45.0,20180423 14:14:38.269000,20180423 22:14:26.000000,2
338,8905.1,14.0,8888.0,8887.45,8887.41,8886.51,8886.28,9143.17,9140.0,9139.99,9138.4,9138.0,1086.0,16.0,3.0,37.0,27.0,16.0,238.0,91.0,182.0,45.0,20180423 14:14:38.269000,20180423 22:14:26.000000,2
339,8905.1,26.0,8888.0,8887.45,8887.41,8886.51,8886.28,9143.17,9140.0,9139.99,9138.4,9138.0,1086.0,16.0,3.0,37.0,27.0,16.0,238.0,91.0,182.0,45.0,20180423 14:14:38.269000,20180423 22:14:26.000000,2
340,8902.74,4.0,8888.0,8887.45,8887.41,8886.51,8886.28,9143.17,9140.0,9139.99,9138.4,9138.0,1086.0,16.0,3.0,37.0,27.0,16.0,238.0,91.0,182.0,45.0,20180423 14:14:38.269000,20180423 22:14:26.000000,2
341,8902.36,78.0,8888.0,8887.45,8887.41,8886.51,8886.28,9143.17,9140.0,9139.99,9138.4,9138.0,1086.0,16.0,3.0,37.0,27.0,16.0,238.0,91.0,182.0,45.0,20180423 14:14:38.269000,20180423 22:14:26.000000,2
342,8902.36,98.0,8888.0,8887.45,8887.41,8886.51,8886.28,9143.17,9140.0,9139.99,9138.4,9138.0,1086.0,16.0,3.0,37.0,27.0,16.0,238.0,91.0,182.0,45.0,20180423 14:14:38.269000,20180423 22:14:26.000000,2
343,8902.36,54.0,8888.0,8887.45,8887.41,8886.51,8886.28,9143.17,9140.0,9139.99,9138.4,9138.0,1086.0,16.0,3.0,37.0,27.0,16.0,238.0,91.0,182.0,45.0,20180423 14:14:38.269000,20180423 22:14:26.000000,2
344,8902.69,120.0,8888.0,8887.45,8887.41,8886.51,8886.28,9143.17,9140.0,9139.99,9138.4,9138.0,1086.0,16.0,3.0,37.0,27.0,16.0,238.0,91.0,182.0,45.0,20180423 14:14:38.269000,20180423 22:14:26.000000,2
345,8902.69,40.0,8888.0,8887.45,8887.41,8886.51,8886.28,9143.17,9140.0,9139.99,9138.4,9138.0,1086.0,16.0,3.0,37.0,27.0,16.0,238.0,91.0,182.0,45.0,20180423 14:14:38.269000,20180423 22:14:26.000000,2
346,8902.36,42.0,8888.0,8887.45,8887.41,8886.51,8886.28,9143.17,9140.0,9139.99,9138.4,9138.0,1086.0,16.0,3.0,37.0,27.0,16.0,238.0,91.0,182.0,45.0,20180423 14:14:38.269000,20180423 22:14:26.000000,2
347,8902.36,8.0,8888.0,8887.45,8887.41,8886.51,8886.28,9143.17,9140.0,9139.99,9138.4,9138.0,1086.0,16.0,3.0,37.0,27.0,16.0,238.0,91.0,182.0,45.0,20180423 14:14:38.269000,20180423 22:14:26.000000,2
348,8902.36,34.0,8888.0,8887.45,8887.41,8886.51,8886.28,9143.17,9140.0,9139.99,9138.4,9138.0,1086.0,16.0,3.0,37.0,27.0,16.0,238.0,91.0,182.0,45.0,20180423 14:14:38.269000,20180423 22:14:26.000000,2
349,8902.36,174.0,8888.0,8887.45,8887.41,8886.51,8886.28,9143.17,9140.0,9139.99,9138.4,9138.0,1086.0,16.0,3.0,37.0,27.0,16.0,238.0,91.0,182.0,45.0,20180423 14:14:38.269000,20180423 22:14:26.000000,2
350,8902.33,16.0,8888.0,8887.45,8887.41,8886.51,8886.28,9143.17,9140.0,9139.99,9138.4,9138.0,1086.0,16.0,3.0,37.0,27.0,16.0,238.0,91.0,182.0,45.0,20180423 14:14:38.269000,20180423 22:14:26.000000,2
351,8902.33,2.0,8888.0,8887.45,8887.41,8886.51,8886.28,9143.17,9140.0,9139.99,9138.4,9138.0,1086.0,16.0,3.0,37.0,27.0,16.0,238.0,91.0,182.0,45.0,20180423 14:14:38.269000,20180423 22:14:26.000000,2
352,8902.33,98.0,8888.0,8887.45,8887.41,8886.51,8886.28,9143.17,9140.0,9139.99,9138.4,9138.0,1086.0,16.0,3.0,37.0,27.0,16.0,238.0,91.0,182.0,45.0,20180423 14:14:38.269000,20180423 22:14:26.000000,2
353,8902.33,52.0,8888.0,8887.45,8887.41,8886.51,8886.28,9143.17,9140.0,9139.99,9138.4,9138.0,1086.0,16.0,3.0,37.0,27.0,16.0,238.0,91.0,182.0,45.0,20180423 14:14:38.269000,20180423 22:14:27.000000,2
354,8902.33,10.0,8888.0,8887.45,8887.41,8886.51,8886.28,9143.17,9140.0,9139.99,9138.4,9138.0,1086.0,16.0,3.0,37.0,27.0,16.0,238.0,91.0,182.0,45.0,20180423 14:14:38.269000,20180423 22:14:27.000000,2
355,8902.33,34.0,8888.0,8887.45,8887.41,8886.51,8886.28,9143.17,9140.0,9139.99,9138.4,9138.0,1086.0,16.0,3.0,37.0,27.0,16.0,238.0,91.0,182.0,45.0,20180423 14:14:38.269000,20180423 22:14:27.000000,2
356,8902.3,34.0,8888.0,8887.45,8887.41,8886.51,8886.28,9143.17,9140.0,9139.99,9138.4,9138.0,1086.0,16.0,3.0,37.0,27.0,16.0,238.0,91.0,182.0,45.0,20180423 14:14:38.269000,20180423 22:14:27.000000,2
357,8902.3,56.0,8888.0,8887.45,8887.41,8886.51,8886.28,9143.17,9140.0,9139.99,9138.4,9138.0,1086.0,16.0,3.0,37.0,27.0,16.0,238.0,91.0,182.0,45.0,20180423 14:14:38.269000,20180423 22:14:27.000000,2
358,8902.3,136.0,8888.0,8887.45,8887.41,8886.51,8886.28,9143.17,9140.0,9139.99,9138.4,9138.0,1086.0,16.0,3.0,37.0,27.0,16.0,238.0,91.0,182.0,45.0,20180423 14:14:38.269000,20180423 22:14:27.000000,2
359,8902.3,8.0,8888.0,8887.45,8887.41,8886.51,8886.28,9143.17,9140.0,9139.99,9138.4,9138.0,1086.0,16.0,3.0,37.0,27.0,16.0,238.0,91.0,182.0,45.0,20180423 14:14:38.269000,20180423 22:14:27.000000,2
360,8902.3,84.0,8888.0,8887.45,8887.41,8886.51,8886.28,9143.17,9140.0,9139.99,9138.4,9138.0,1086.0,16.0,3.0,37.0,27.0,16.0,238.0,91.0,182.0,45.0,20180423 14:14:38.269000,20180423 22:14:27.000000,2
361,8902.3,100.0,8888.0,8887.45,8887.41,8886.51,8886.28,9143.17,9140.0,9139.99,9138.4,9138.0,1086.0,16.0,3.0,37.0,27.0,16.0,238.0,91.0,182.0,45.0,20180423 14:14:38.269000,20180423 22:14:27.000000,2
362,8902.0,8.0,8888.0,8887.45,8887.41,8886.51,8886.28,9143.17,9140.0,9139.99,9138.4,9138.0,1086.0,16.0,3.0,37.0,27.0,16.0,238.0,91.0,182.0,45.0,20180423 14:14:38.269000,20180423 22:14:27.000000,2
363,8902.0,12.0,8888.0,8887.45,8887.41,8886.51,8886.28,9143.17,9140.0,9139.99,9138.4,9138.0,1086.0,16.0,3.0,37.0,27.0,16.0,238.0,91.0,182.0,45.0,20180423 14:14:38.269000,20180423 22:14:27.000000,2
364,8902.0,90.0,8888.0,8887.45,8887.41,8886.51,8886.28,9143.17,9140.0,9139.99,9138.4,9138.0,1086.0,16.0,3.0,37.0,27.0,16.0,238.0,91.0,182.0,45.0,20180423 14:14:38.269000,20180423 22:14:27.000000,2
365,8902.0,68.0,8888.0,8887.45,8887.41,8886.51,8886.28,9143.17,9140.0,9139.99,9138.4,9138.0,1086.0,16.0,3.0,37.0,27.0,16.0,238.0,91.0,182.0,45.0,20180423 14:14:38.269000,20180423 22:14:27.000000,2
366,8902.0,36.0,8888.0,8887.45,8887.41,8886.51,8886.28,9143.17,9140.0,9139.99,9138.4,9138.0,1086.0,16.0,3.0,37.0,27.0,16.0,238.0,91.0,182.0,45.0,20180423 14:14:38.269000,20180423 22:14:27.000000,2
367,8902.0,80.0,8888.0,8887.45,8887.41,8886.51,8886.28,9143.17,9140.0,9139.99,9138.4,9138.0,1086.0,16.0,3.0,37.0,27.0,16.0,238.0,91.0,182.0,45.0,20180423 14:14:38.269000,20180423 22:14:27.000000,2
368,8902.0,2.0,8888.0,8887.45,8887.41,8886.51,8886.28,9143.17,9140.0,9139.99,9138.4,9138.0,1086.0,16.0,3.0,37.0,27.0,16.0,238.0,91.0,182.0,45.0,20180423 14:14:38.269000,20180423 22:14:27.000000,2
369,8902.79,20.0,8888.0,8887.45,8887.41,8886.51,8886.28,9143.17,9140.0,9139.99,9138.4,9138.0,1086.0,16.0,3.0,37.0,27.0,16.0,238.0,91.0,182.0,45.0,20180423 14:14:38.269000,20180423 22:14:28.000000,2
370,8902.0,16.0,8888.0,8887.45,8887.41,8886.51,8886.28,9143.17,9140.0,9139.99,9138.4,9138.0,1086.0,16.0,3.0,37.0,27.0,16.0,238.0,91.0,182.0,45.0,20180423 14:14:38.269000,20180423 22:14:28.000000,2
371,8902.0,222.0,8888.0,8887.45,8887.41,8886.51,8886.28,9143.17,9140.0,9139.99,9138.4,9138.0,1086.0,16.0,3.0,37.0,27.0,16.0,238.0,91.0,182.0,45.0,20180423 14:14:38.269000,20180423 22:14:28.000000,2
372,8901.91,28.0,8888.0,8887.45,8887.41,8886.51,8886.28,9143.17,9140.0,9139.99,9138.4,9138.0,1086.0,16.0,3.0,37.0,27.0,16.0,238.0,91.0,182.0,45.0,20180423 14:14:38.269000,20180423 22:14:28.000000,2
373,8901.55,64.0,8888.0,8887.45,8887.41,8886.51,8886.28,9143.17,9140.0,9139.99,9138.4,9138.0,1086.0,16.0,3.0,37.0,27.0,16.0,238.0,91.0,182.0,45.0,20180423 14:14:38.269000,20180423 22:14:28.000000,2
374,8901.11,178.0,8888.0,8887.45,8887.41,8886.51,8886.28,9143.17,9140.0,9139.99,9138.4,9138.0,1086.0,16.0,3.0,37.0,27.0,16.0,238.0,91.0,182.0,45.0,20180423 14:14:38.269000,20180423 22:14:28.000000,2
375,8901.0,60.0,8888.0,8887.45,8887.41,8886.51,8886.28,9143.17,9140.0,9139.99,9138.4,9138.0,1086.0,16.0,3.0,37.0,27.0,16.0,238.0,91.0,182.0,45.0,20180423 14:14:38.269000,20180423 22:14:28.000000,2
376,8901.0,80.0,8888.0,8887.45,8887.41,8886.51,8886.28,9143.17,9140.0,9139.99,9138.4,9138.0,1086.0,16.0,3.0,37.0,27.0,16.0,238.0,91.0,182.0,45.0,20180423 14:14:38.269000,20180423 22:14:28.000000,2
377,8900.05,110.0,8888.0,8887.45,8887.41,8886.51,8886.28,9143.17,9140.0,9139.99,9138.4,9138.0,1086.0,16.0,3.0,37.0,27.0,16.0,238.0,91.0,182.0,45.0,20180423 14:14:38.269000,20180423 22:14:28.000000,2
378,8900.0,320.0,8888.0,8887.45,8887.41,8886.51,8886.28,9143.17,9140.0,9139.99,9138.4,9138.0,1086.0,16.0,3.0,37.0,27.0,16.0,238.0,91.0,182.0,45.0,20180423 14:14:38.269000,20180423 22:14:28.000000,2
379,8900.0,158.0,8888.0,8887.45,8887.41,8886.51,8886.28,9143.17,9140.0,9139.99,9138.4,9138.0,1086.0,16.0,3.0,37.0,27.0,16.0,238.0,91.0,182.0,45.0,20180423 14:14:38.269000,20180423 22:14:28.000000,2
380,8900.0,198.0,8888.0,8887.45,8887.41,8886.51,8886.28,9143.17,9140.0,9139.99,9138.4,9138.0,1086.0,16.0,3.0,37.0,27.0,16.0,238.0,91.0,182.0,45.0,20180423 14:14:38.269000,20180423 22:14:28.000000,2
381,8900.0,2.0,8888.0,8887.45,8887.41,8886.51,8886.28,9143.17,9140.0,9139.99,9138.4,9138.0,1086.0,16.0,3.0,37.0,27.0,16.0,238.0,91.0,182.0,45.0,20180423 14:14:38.269000,20180423 22:14:28.000000,2
382,8900.0,30.0,8888.0,8887.45,8887.41,8886.51,8886.28,9143.17,9140.0,9139.99,9138.4,9138.0,1086.0,16.0,3.0,37.0,27.0,16.0,238.0,91.0,182.0,45.0,20180423 14:14:38.269000,20180423 22:14:28.000000,2
383,8900.0,310.0,8888.0,8887.45,8887.41,8886.51,8886.28,9143.17,9140.0,9139.99,9138.4,9138.0,1086.0,16.0,3.0,37.0,27.0,16.0,238.0,91.0,182.0,45.0,20180423 14:14:38.269000,20180423 22:14:28.000000,2
384,8901.75,20.0,8888.0,8887.45,8887.41,8886.51,8886.28,9143.17,9140.0,9139.99,9138.4,9138.0,1086.0,16.0,3.0,37.0,27.0,16.0,238.0,91.0,182.0,45.0,20180423 14:14:38.269000,20180423 22:14:28.000000,2
385,8901.75,58.0,8888.0,8887.45,8887.41,8886.51,8886.28,9143.17,9140.0,9139.99,9138.4,9138.0,1086.0,16.0,3.0,37.0,27.0,16.0,238.0,91.0,182.0,45.0,20180423 14:14:38.269000,20180423 22:14:28.000000,2
386,8902.0,120.0,8888.0,8887.45,8887.41,8886.51,8886.28,9143.17,9140.0,9139.99,9138.4,9138.0,1086.0,16.0,3.0,37.0,27.0,16.0,238.0,91.0,182.0,45.0,20180423 14:14:38.269000,20180423 22:14:28.000000,2
387,8900.0,30.0,8888.0,8887.45,8887.41,8886.51,8886.28,9143.17,9140.0,9139.99,9138.4,9138.0,1086.0,16.0,3.0,37.0,27.0,16.0,238.0,91.0,182.0,45.0,20180423 14:14:38.269000,20180423 22:14:28.000000,2
388,8900.0,8.0,8888.0,8887.45,8887.41,8886.51,8886.28,9143.17,9140.0,9139.99,9138.4,9138.0,1086.0,16.0,3.0,37.0,27.0,16.0,238.0,91.0,182.0,45.0,20180423 14:14:38.269000,20180423 22:14:28.000000,2
389,8900.0,2.0,8888.0,8887.45,8887.41,8886.51,8886.28,9143.17,9140.0,9139.99,9138.4,9138.0,1086.0,16.0,3.0,37.0,27.0,16.0,238.0,91.0,182.0,45.0,20180423 14:14:38.269000,20180423 22:14:28.000000,2
390,8900.0,156.0,8888.0,8887.45,8887.41,8886.51,8886.28,9143.17,9140.0,9139.99,9138.4,9138.0,1086.0,16.0,3.0,37.0,27.0,16.0,238.0,91.0,182.0,45.0,20180423 14:14:38.269000,20180423 22:14:28.000000,2
391,8902.11,160.0,8888.0,8887.45,8887.41,8886.51,8886.28,9143.17,9140.0,9139.99,9138.4,9138.0,1086.0,16.0,3.0,37.0,27.0,16.0,238.0,91.0,182.0,45.0,20180423 14:14:38.269000,20180423 22:14:28.000000,2
392,8900.0,82.0,8888.0,8887.45,8887.41,8886.51,8886.28,9143.17,9140.0,9139.99,9138.4,9138.0,1086.0,16.0,3.0,37.0,27.0,16.0,238.0,91.0,182.0,45.0,20180423 14:14:38.269000,20180423 22:14:28.000000,2
393,8900.0,288.0,8888.0,8887.45,8887.41,8886.51,8886.28,9143.17,9140.0,9139.99,9138.4,9138.0,1086.0,16.0,3.0,37.0,27.0,16.0,238.0,91.0,182.0,45.0,20180423 14:14:38.269000,20180423 22:14:28.000000,2
394,8900.33,14.0,8888.0,8887.45,8887.41,8886.51,8886.28,9143.17,9140.0,9139.99,9138.4,9138.0,1086.0,16.0,3.0,37.0,27.0,16.0,238.0,91.0,182.0,45.0,20180423 14:14:38.269000,20180423 22:14:28.000000,2
395,8900.0,10.0,8888.0,8887.45,8887.41,8886.51,8886.28,9143.17,9140.0,9139.99,9138.4,9138.0,1086.0,16.0,3.0,37.0,27.0,16.0,238.0,91.0,182.0,45.0,20180423 14:14:38.269000,20180423 22:14:28.000000,2
396,8900.0,108.0,8888.0,8887.45,8887.41,8886.51,8886.28,9143.17,9140.0,9139.99,9138.4,9138.0,1086.0,16.0,3.0,37.0,27.0,16.0,238.0,91.0,182.0,45.0,20180423 14:14:38.269000,20180423 22:14:28.000000,2
397,8900.0,68.0,8888.0,8887.45,8887.41,8886.51,8886.28,9143.17,9140.0,9139.99,9138.4,9138.0,1086.0,16.0,3.0,37.0,27.0,16.0,238.0,91.0,182.0,45.0,20180423 14:14:38.269000,20180423 22:14:28.000000,2
398,8900.0,10.0,8888.0,8887.45,8887.41,8886.51,8886.28,9143.17,9140.0,9139.99,9138.4,9138.0,1086.0,16.0,3.0,37.0,27.0,16.0,238.0,91.0,182.0,45.0,20180423 14:14:38.269000,20180423 22:14:28.000000,2
399,8900.33,4.0,8888.0,8887.45,8887.41,8886.51,8886.28,9143.17,9140.0,9139.99,9138.4,9138.0,1086.0,16.0,3.0,37.0,27.0,16.0,238.0,91.0,182.0,45.0,20180423 14:14:38.269000,20180423 22:14:28.000000,2
400,8902.11,16.0,8888.0,8887.45,8887.41,8886.51,8886.28,9143.17,9140.0,9139.99,9138.4,9138.0,1086.0,16.0,3.0,37.0,27.0,16.0,238.0,91.0,182.0,45.0,20180423 14:14:38.269000,20180423 22:14:28.000000,2
401,8900.0,12.0,8888.0,8887.45,8887.41,8886.51,8886.28,9143.17,9140.0,9139.99,9138.4,9138.0,1086.0,16.0,3.0,37.0,27.0,16.0,238.0,91.0,182.0,45.0,20180423 14:14:38.269000,20180423 22:14:28.000000,2
402,8900.0,84.0,8888.0,8887.45,8887.41,8886.51,8886.28,9143.17,9140.0,9139.99,9138.4,9138.0,1086.0,16.0,3.0,37.0,27.0,16.0,238.0,91.0,182.0,45.0,20180423 14:14:38.269000,20180423 22:14:28.000000,2
403,8900.0,50.0,8888.0,8887.45,8887.41,8886.51,8886.28,9143.17,9140.0,9139.99,9138.4,9138.0,1086.0,16.0,3.0,37.0,27.0,16.0,238.0,91.0,182.0,45.0,20180423 14:14:38.269000,20180423 22:14:28.000000,2
404,8900.0,2.0,8888.0,8887.45,8887.41,8886.51,8886.28,9143.17,9140.0,9139.99,9138.4,9138.0,1086.0,16.0,3.0,37.0,27.0,16.0,238.0,91.0,182.0,45.0,20180423 14:14:38.269000,20180423 22:14:28.000000,2
405,8900.0,2.0,8888.0,8887.45,8887.41,8886.51,8886.28,9143.17,9140.0,9139.99,9138.4,9138.0,1086.0,16.0,3.0,37.0,27.0,16.0,238.0,91.0,182.0,45.0,20180423 14:14:38.269000,20180423 22:14:28.000000,2
406,8900.0,16.0,8888.0,8887.45,8887.41,8886.51,8886.28,9143.17,9140.0,9139.99,9138.4,9138.0,1086.0,16.0,3.0,37.0,27.0,16.0,238.0,91.0,182.0,45.0,20180423 14:14:38.269000,20180423 22:14:28.000000,2
407,8900.0,8.0,8888.0,8887.45,8887.41,8886.51,8886.28,9143.17,9140.0,9139.99,9138.4,9138.0,1086.0,16.0,3.0,37.0,27.0,16.0,238.0,91.0,182.0,45.0,20180423 14:14:38.269000,20180423 22:14:28.000000,2
408,8900.0,12.0,8888.0,8887.45,8887.41,8886.51,8886.28,9143.17,9140.0,9139.99,9138.4,9138.0,1086.0,16.0,3.0,37.0,27.0,16.0,238.0,91.0,182.0,45.0,20180423 14:14:38.269000,20180423 22:14:28.000000,2
409,8900.0,76.0,8888.0,8887.45,8887.41,8886.51,8886.28,9143.17,9140.0,9139.99,9138.4,9138.0,1086.0,16.0,3.0,37.0,27.0,16.0,238.0,91.0,182.0,45.0,20180423 14:14:38.269000,20180423 22:14:28.000000,2
410,8900.0,98.0,8888.0,8887.45,8887.41,8886.51,8886.28,9143.17,9140.0,9139.99,9138.4,9138.0,1086.0,16.0,3.0,37.0,27.0,16.0,238.0,91.0,182.0,45.0,20180423 14:14:38.269000,20180423 22:14:28.000000,2
411,8900.0,108.0,8888.0,8887.45,8887.41,8886.51,8886.28,9143.17,9140.0,9139.99,9138.4,9138.0,1086.0,16.0,3.0,37.0,27.0,16.0,238.0,91.0,182.0,45.0,20180423 14:14:38.269000,20180423 22:14:28.000000,2
412,8900.01,68.0,8888.0,8887.45,8887.41,8886.51,8886.28,9143.17,9140.0,9139.99,9138.4,9138.0,1086.0,16.0,3.0,37.0,27.0,16.0,238.0,91.0,182.0,45.0,20180423 14:14:38.269000,20180423 22:14:28.000000,2
413,8900.01,38.0,8888.0,8887.45,8887.41,8886.51,8886.28,9143.17,9140.0,9139.99,9138.4,9138.0,1086.0,16.0,3.0,37.0,27.0,16.0,238.0,91.0,182.0,45.0,20180423 14:14:38.269000,20180423 22:14:28.000000,2
414,8900.0,12.0,8888.0,8887.45,8887.41,8886.51,8886.28,9143.17,9140.0,9139.99,9138.4,9138.0,1086.0,16.0,3.0,37.0,27.0,16.0,238.0,91.0,182.0,45.0,20180423 14:14:38.269000,20180423 22:14:28.000000,2
415,8900.0,74.0,8888.0,8887.45,8887.41,8886.51,8886.28,9143.17,9140.0,9139.99,9138.4,9138.0,1086.0,16.0,3.0,37.0,27.0,16.0,238.0,91.0,182.0,45.0,20180423 14:14:38.269000,20180423 22:14:28.000000,2
416,8900.0,2.0,8888.0,8887.45,8887.41,8886.51,8886.28,9143.17,9140.0,9139.99,9138.4,9138.0,1086.0,16.0,3.0,37.0,27.0,16.0,238.0,91.0,182.0,45.0,20180423 14:14:38.269000,20180423 22:14:28.000000,2
417,8900.0,164.0,8888.0,8887.45,8887.41,8886.51,8886.28,9143.17,9140.0,9139.99,9138.4,9138.0,1086.0,16.0,3.0,37.0,27.0,16.0,238.0,91.0,182.0,45.0,20180423 14:14:38.269000,20180423 22:14:28.000000,2
418,8900.0,296.0,8888.0,8887.45,8887.41,8886.51,8886.28,9143.17,9140.0,9139.99,9138.4,9138.0,1086.0,16.0,3.0,37.0,27.0,16.0,238.0,91.0,182.0,45.0,20180423 14:14:38.269000,20180423 22:14:28.000000,2
419,8900.0,70.0,8888.0,8887.45,8887.41,8886.51,8886.28,9143.17,9140.0,9139.99,9138.4,9138.0,1086.0,16.0,3.0,37.0,27.0,16.0,238.0,91.0,182.0,45.0,20180423 14:14:38.269000,20180423 22:14:28.000000,2
420,8900.0,380.0,8888.0,8887.45,8887.41,8886.51,8886.28,9143.17,9140.0,9139.99,9138.4,9138.0,1086.0,16.0,3.0,37.0,27.0,16.0,238.0,91.0,182.0,45.0,20180423 14:14:38.269000,20180423 22:14:28.000000,2
421,8900.0,448.0,8888.0,8887.45,8887.41,8886.51,8886.28,9143.17,9140.0,9139.99,9138.4,9138.0,1086.0,16.0,3.0,37.0,27.0,16.0,238.0,91.0,182.0,45.0,20180423 14:14:38.269000,20180423 22:14:28.000000,2
422,8900.0,64.0,8888.0,8887.45,8887.41,8886.51,8886.28,9143.17,9140.0,9139.99,9138.4,9138.0,1086.0,16.0,3.0,37.0,27.0,16.0,238.0,91.0,182.0,45.0,20180423 14:14:38.269000,20180423 22:14:28.000000,2
423,8900.0,2.0,8888.0,8887.45,8887.41,8886.51,8886.28,9143.17,9140.0,9139.99,9138.4,9138.0,1086.0,16.0,3.0,37.0,27.0,16.0,238.0,91.0,182.0,45.0,20180423 14:14:38.269000,20180423 22:14:28.000000,2
424,8900.0,106.0,8888.0,8887.45,8887.41,8886.51,8886.28,9143.17,9140.0,9139.99,9138.4,9138.0,1086.0,16.0,3.0,37.0,27.0,16.0,238.0,91.0,182.0,45.0,20180423 14:14:38.269000,20180423 22:14:28.000000,2
425,8900.0,404.0,8888.0,8887.45,8887.41,8886.51,8886.28,9143.17,9140.0,9139.99,9138.4,9138.0,1086.0,16.0,3.0,37.0,27.0,16.0,238.0,91.0,182.0,45.0,20180423 14:14:38.269000,20180423 22:14:28.000000,2
426,8900.0,82.0,8888.0,8887.45,8887.41,8886.51,8886.28,9143.17,9140.0,9139.99,9138.4,9138.0,1086.0,16.0,3.0,37.0,27.0,16.0,238.0,91.0,182.0,45.0,20180423 14:14:38.269000,20180423 22:14:28.000000,2
427,8900.0,10.0,8888.0,8887.45,8887.41,8886.51,8886.28,9143.17,9140.0,9139.99,9138.4,9138.0,1086.0,16.0,3.0,37.0,27.0,16.0,238.0,91.0,182.0,45.0,20180423 14:14:38.269000,20180423 22:14:28.000000,2
428,8900.0,176.0,8888.0,8887.45,8887.41,8886.51,8886.28,9143.17,9140.0,9139.99,9138.4,9138.0,1086.0,16.0,3.0,37.0,27.0,16.0,238.0,91.0,182.0,45.0,20180423 14:14:38.269000,20180423 22:14:29.000000,2
429,8900.0,2.0,8888.0,8887.45,8887.41,8886.51,8886.28,9143.17,9140.0,9139.99,9138.4,9138.0,1086.0,16.0,3.0,37.0,27.0,16.0,238.0,91.0,182.0,45.0,20180423 14:14:38.269000,20180423 22:14:29.000000,2
430,8900.0,30.0,8888.0,8887.45,8887.41,8886.51,8886.28,9143.17,9140.0,9139.99,9138.4,9138.0,1086.0,16.0,3.0,37.0,27.0,16.0,238.0,91.0,182.0,45.0,20180423 14:14:38.269000,20180423 22:14:29.000000,2
431,8900.0,30.0,8888.0,8887.45,8887.41,8886.51,8886.28,9143.17,9140.0,9139.99,9138.4,9138.0,1086.0,16.0,3.0,37.0,27.0,16.0,238.0,91.0,182.0,45.0,20180423 14:14:38.269000,20180423 22:14:29.000000,2
432,8900.0,68.0,8888.0,8887.45,8887.41,8886.51,8886.28,9143.17,9140.0,9139.99,9138.4,9138.0,1086.0,16.0,3.0,37.0,27.0,16.0,238.0,91.0,182.0,45.0,20180423 14:14:38.269000,20180423 22:14:29.000000,2
433,8900.0,108.0,8888.0,8887.45,8887.41,8886.51,8886.28,9143.17,9140.0,9139.99,9138.4,9138.0,1086.0,16.0,3.0,37.0,27.0,16.0,238.0,91.0,182.0,45.0,20180423 14:14:38.269000,20180423 22:14:29.000000,2
434,8900.0,2.0,8888.0,8887.45,8887.41,8886.51,8886.28,9143.17,9140.0,9139.99,9138.4,9138.0,1086.0,16.0,3.0,37.0,27.0,16.0,238.0,91.0,182.0,45.0,20180423 14:14:38.269000,20180423 22:14:29.000000,2
435,8900.0,106.0,8888.0,8887.45,8887.41,8886.51,8886.28,9143.17,9140.0,9139.99,9138.4,9138.0,1086.0,16.0,3.0,37.0,27.0,16.0,238.0,91.0,182.0,45.0,20180423 14:14:38.269000,20180423 22:14:29.000000,2
436,8900.0,2.0,8888.0,8887.45,8887.41,8886.51,8886.28,9143.17,9140.0,9139.99,9138.4,9138.0,1086.0,16.0,3.0,37.0,27.0,16.0,238.0,91.0,182.0,45.0,20180423 14:14:38.269000,20180423 22:14:29.000000,2
437,8900.0,84.0,8888.0,8887.45,8887.41,8886.51,8886.28,9143.17,9140.0,9139.99,9138.4,9138.0,1086.0,16.0,3.0,37.0,27.0,16.0,238.0,91.0,182.0,45.0,20180423 14:14:38.269000,20180423 22:14:29.000000,2
438,8900.0,50.0,8888.0,8887.45,8887.41,8886.51,8886.28,9143.17,9140.0,9139.99,9138.4,9138.0,1086.0,16.0,3.0,37.0,27.0,16.0,238.0,91.0,182.0,45.0,20180423 14:14:38.269000,20180423 22:14:29.000000,2
439,8900.0,30.0,8888.0,8887.45,8887.41,8886.51,8886.28,9143.17,9140.0,9139.99,9138.4,9138.0,1086.0,16.0,3.0,37.0,27.0,16.0,238.0,91.0,182.0,45.0,20180423 14:14:38.269000,20180423 22:14:29.000000,2
440,8900.0,2.0,8888.0,8887.45,8887.41,8886.51,8886.28,9143.17,9140.0,9139.99,9138.4,9138.0,1086.0,16.0,3.0,37.0,27.0,16.0,238.0,91.0,182.0,45.0,20180423 14:14:38.269000,20180423 22:14:29.000000,2
441,8900.0,2.0,8888.0,8887.45,8887.41,8886.51,8886.28,9143.17,9140.0,9139.99,9138.4,9138.0,1086.0,16.0,3.0,37.0,27.0,16.0,238.0,91.0,182.0,45.0,20180423 14:14:38.269000,20180423 22:14:29.000000,2
442,8900.01,40.0,8888.0,8887.45,8887.41,8886.51,8886.28,9143.17,9140.0,9139.99,9138.4,9138.0,1086.0,16.0,3.0,37.0,27.0,16.0,238.0,91.0,182.0,45.0,20180423 14:14:38.269000,20180423 22:14:29.000000,2
443,8900.0,220.0,8888.0,8887.45,8887.41,8886.51,8886.28,9143.17,9140.0,9139.99,9138.4,9138.0,1086.0,16.0,3.0,37.0,27.0,16.0,238.0,91.0,182.0,45.0,20180423 14:14:38.269000,20180423 22:14:29.000000,2
444,8900.0,2.0,8888.0,8887.45,8887.41,8886.51,8886.28,9143.17,9140.0,9139.99,9138.4,9138.0,1086.0,16.0,3.0,37.0,27.0,16.0,238.0,91.0,182.0,45.0,20180423 14:14:38.269000,20180423 22:14:29.000000,2
445,8900.0,290.0,8888.0,8887.45,8887.41,8886.51,8886.28,9143.17,9140.0,9139.99,9138.4,9138.0,1086.0,16.0,3.0,37.0,27.0,16.0,238.0,91.0,182.0,45.0,20180423 14:14:38.269000,20180423 22:14:29.000000,2
446,8900.0,562.0,8888.0,8887.45,8887.41,8886.51,8886.28,9143.17,9140.0,9139.99,9138.4,9138.0,1086.0,16.0,3.0,37.0,27.0,16.0,238.0,91.0,182.0,45.0,20180423 14:14:38.269000,20180423 22:14:29.000000,2
447,8900.0,64.0,8888.0,8887.45,8887.41,8886.51,8886.28,9143.17,9140.0,9139.99,9138.4,9138.0,1086.0,16.0,3.0,37.0,27.0,16.0,238.0,91.0,182.0,45.0,20180423 14:14:38.269000,20180423 22:14:29.000000,2
448,8900.0,2.0,8888.0,8887.45,8887.41,8886.51,8886.28,9143.17,9140.0,9139.99,9138.4,9138.0,1086.0,16.0,3.0,37.0,27.0,16.0,238.0,91.0,182.0,45.0,20180423 14:14:38.269000,20180423 22:14:29.000000,2
449,8900.0,30.0,8888.0,8887.45,8887.41,8886.51,8886.28,9143.17,9140.0,9139.99,9138.4,9138.0,1086.0,16.0,3.0,37.0,27.0,16.0,238.0,91.0,182.0,45.0,20180423 14:14:38.269000,20180423 22:14:29.000000,2
450,8900.0,622.0,8888.0,8887.45,8887.41,8886.51,8886.28,9143.17,9140.0,9139.99,9138.4,9138.0,1086.0,16.0,3.0,37.0,27.0,16.0,238.0,91.0,182.0,45.0,20180423 14:14:38.269000,20180423 22:14:29.000000,2
451,8900.0,2.0,8888.0,8887.45,8887.41,8886.51,8886.28,9143.17,9140.0,9139.99,9138.4,9138.0,1086.0,16.0,3.0,37.0,27.0,16.0,238.0,91.0,182.0,45.0,20180423 14:14:38.269000,20180423 22:14:29.000000,2
452,8900.0,2.0,8888.0,8887.45,8887.41,8886.51,8886.28,9143.17,9140.0,9139.99,9138.4,9138.0,1086.0,16.0,3.0,37.0,27.0,16.0,238.0,91.0,182.0,45.0,20180423 14:14:38.269000,20180423 22:14:29.000000,2
453,8900.0,4.0,8888.0,8887.45,8887.41,8886.51,8886.28,9143.17,9140.0,9139.99,9138.4,9138.0,1086.0,16.0,3.0,37.0,27.0,16.0,238.0,91.0,182.0,45.0,20180423 14:14:38.269000,20180423 22:14:29.000000,2
454,8900.0,82.0,8888.0,8887.45,8887.41,8886.51,8886.28,9143.17,9140.0,9139.99,9138.4,9138.0,1086.0,16.0,3.0,37.0,27.0,16.0,238.0,91.0,182.0,45.0,20180423 14:14:38.269000,20180423 22:14:30.000000,2
455,8900.0,30.0,8888.0,8887.45,8887.41,8886.51,8886.28,9143.17,9140.0,9139.99,9138.4,9138.0,1086.0,16.0,3.0,37.0,27.0,16.0,238.0,91.0,182.0,45.0,20180423 14:14:38.269000,20180423 22:14:30.000000,2
456,8900.0,2.0,8888.0,8887.45,8887.41,8886.51,8886.28,9143.17,9140.0,9139.99,9138.4,9138.0,1086.0,16.0,3.0,37.0,27.0,16.0,238.0,91.0,182.0,45.0,20180423 14:14:38.269000,20180423 22:14:30.000000,2
457,8900.0,128.0,8888.0,8887.45,8887.41,8886.51,8886.28,9143.17,9140.0,9139.99,9138.4,9138.0,1086.0,16.0,3.0,37.0,27.0,16.0,238.0,91.0,182.0,45.0,20180423 14:14:38.269000,20180423 22:14:30.000000,2
458,8900.0,34.0,8888.0,8887.45,8887.41,8886.51,8886.28,9143.17,9140.0,9139.99,9138.4,9138.0,1086.0,16.0,3.0,37.0,27.0,16.0,238.0,91.0,182.0,45.0,20180423 14:14:38.269000,20180423 22:14:30.000000,2
459,8900.1,118.0,8888.0,8887.45,8887.41,8886.51,8886.28,9143.17,9140.0,9139.99,9138.4,9138.0,1086.0,16.0,3.0,37.0,27.0,16.0,238.0,91.0,182.0,45.0,20180423 14:14:38.269000,20180423 22:14:30.000000,2
460,8900.1,38.0,8888.0,8887.45,8887.41,8886.51,8886.28,9143.17,9140.0,9139.99,9138.4,9138.0,1086.0,16.0,3.0,37.0,27.0,16.0,238.0,91.0,182.0,45.0,20180423 14:14:38.269000,20180423 22:14:30.000000,2
461,8900.1,108.0,8888.0,8887.45,8887.41,8886.51,8886.28,9143.17,9140.0,9139.99,9138.4,9138.0,1086.0,16.0,3.0,37.0,27.0,16.0,238.0,91.0,182.0,45.0,20180423 14:14:38.269000,20180423 22:14:30.000000,2
462,8900.2,6.0,8888.0,8887.45,8887.41,8886.51,8886.28,9143.17,9140.0,9139.99,9138.4,9138.0,1086.0,16.0,3.0,37.0,27.0,16.0,238.0,91.0,182.0,45.0,20180423 14:14:38.269000,20180423 22:14:30.000000,2
463,8900.71,6.0,8888.0,8887.45,8887.41,8886.51,8886.28,9143.17,9140.0,9139.99,9138.4,9138.0,1086.0,16.0,3.0,37.0,27.0,16.0,238.0,91.0,182.0,45.0,20180423 14:14:38.269000,20180423 22:14:30.000000,2
464,8900.0,120.0,8888.0,8887.45,8887.41,8886.51,8886.28,9143.17,9140.0,9139.99,9138.4,9138.0,1086.0,16.0,3.0,37.0,27.0,16.0,238.0,91.0,182.0,45.0,20180423 14:14:38.269000,20180423 22:14:30.000000,2
465,8900.0,96.0,8888.0,8887.45,8887.41,8886.51,8886.28,9143.17,9140.0,9139.99,9138.4,9138.0,1086.0,16.0,3.0,37.0,27.0,16.0,238.0,91.0,182.0,45.0,20180423 14:14:38.269000,20180423 22:14:30.000000,2
466,8900.0,10.0,8888.0,8887.45,8887.41,8886.51,8886.28,9143.17,9140.0,9139.99,9138.4,9138.0,1086.0,16.0,3.0,37.0,27.0,16.0,238.0,91.0,182.0,45.0,20180423 14:14:38.269000,20180423 22:14:30.000000,2
467,8900.0,2.0,8888.0,8887.45,8887.41,8886.51,8886.28,9143.17,9140.0,9139.99,9138.4,9138.0,1086.0,16.0,3.0,37.0,27.0,16.0,238.0,91.0,182.0,45.0,20180423 14:14:38.269000,20180423 22:14:30.000000,2
468,8900.0,14.0,8888.0,8887.45,8887.41,8886.51,8886.28,9143.17,9140.0,9139.99,9138.4,9138.0,1086.0,16.0,3.0,37.0,27.0,16.0,238.0,91.0,182.0,45.0,20180423 14:14:38.269000,20180423 22:14:30.000000,2
469,8900.0,66.0,8888.0,8887.45,8887.41,8886.51,8886.28,9143.17,9140.0,9139.99,9138.4,9138.0,1086.0,16.0,3.0,37.0,27.0,16.0,238.0,91.0,182.0,45.0,20180423 14:14:38.269000,20180423 22:14:30.000000,2
470,8900.0,2.0,8888.0,8887.45,8887.41,8886.51,8886.28,9143.17,9140.0,9139.99,9138.4,9138.0,1086.0,16.0,3.0,37.0,27.0,16.0,238.0,91.0,182.0,45.0,20180423 14:14:38.269000,20180423 22:14:30.000000,2
471,8900.0,2.0,8888.0,8887.45,8887.41,8886.51,8886.28,9143.17,9140.0,9139.99,9138.4,9138.0,1086.0,16.0,3.0,37.0,27.0,16.0,238.0,91.0,182.0,45.0,20180423 14:14:38.269000,20180423 22:14:30.000000,2
472,8900.0,50.0,8888.0,8887.45,8887.41,8886.51,8886.28,9143.17,9140.0,9139.99,9138.4,9138.0,1086.0,16.0,3.0,37.0,27.0,16.0,238.0,91.0,182.0,45.0,20180423 14:14:38.269000,20180423 22:14:30.000000,2
473,8900.0,84.0,8888.0,8887.45,8887.41,8886.51,8886.28,9143.17,9140.0,9139.99,9138.4,9138.0,1086.0,16.0,3.0,37.0,27.0,16.0,238.0,91.0,182.0,45.0,20180423 14:14:38.269000,20180423 22:14:30.000000,2
474,8900.0,152.0,8888.0,8887.45,8887.41,8886.51,8886.28,9143.17,9140.0,9139.99,9138.4,9138.0,1086.0,16.0,3.0,37.0,27.0,16.0,238.0,91.0,182.0,45.0,20180423 14:14:38.269000,20180423 22:14:30.000000,2
475,8900.0,40.0,8888.0,8887.45,8887.41,8886.51,8886.28,9143.17,9140.0,9139.99,9138.4,9138.0,1086.0,16.0,3.0,37.0,27.0,16.0,238.0,91.0,182.0,45.0,20180423 14:14:38.269000,20180423 22:14:30.000000,2
476,8900.0,40.0,8888.0,8887.45,8887.41,8886.51,8886.28,9143.17,9140.0,9139.99,9138.4,9138.0,1086.0,16.0,3.0,37.0,27.0,16.0,238.0,91.0,182.0,45.0,20180423 14:14:38.269000,20180423 22:14:30.000000,2
477,8899.99,176.0,8888.0,8887.45,8887.41,8886.51,8886.28,9143.17,9140.0,9139.99,9138.4,9138.0,1086.0,16.0,3.0,37.0,27.0,16.0,238.0,91.0,182.0,45.0,20180423 14:14:38.269000,20180423 22:14:30.000000,2
478,8897.13,124.0,8888.0,8887.45,8887.41,8886.51,8886.28,9143.17,9140.0,9139.99,9138.4,9138.0,1086.0,16.0,3.0,37.0,27.0,16.0,238.0,91.0,182.0,45.0,20180423 14:14:38.269000,20180423 22:14:30.000000,2
479,8896.13,8.0,8888.0,8887.45,8887.41,8886.51,8886.28,9143.17,9140.0,9139.99,9138.4,9138.0,1086.0,16.0,3.0,37.0,27.0,16.0,238.0,91.0,182.0,45.0,20180423 14:14:38.269000,20180423 22:14:30.000000,2
480,8896.13,2.0,8888.0,8887.45,8887.41,8886.51,8886.28,9143.17,9140.0,9139.99,9138.4,9138.0,1086.0,16.0,3.0,37.0,27.0,16.0,238.0,91.0,182.0,45.0,20180423 14:14:38.269000,20180423 22:14:30.000000,2
481,8896.13,2.0,8888.0,8887.45,8887.41,8886.51,8886.28,9143.17,9140.0,9139.99,9138.4,9138.0,1086.0,16.0,3.0,37.0,27.0,16.0,238.0,91.0,182.0,45.0,20180423 14:14:38.269000,20180423 22:14:30.000000,2
482,8896.13,2.0,8888.0,8887.45,8887.41,8886.51,8886.28,9143.17,9140.0,9139.99,9138.4,9138.0,1086.0,16.0,3.0,37.0,27.0,16.0,238.0,91.0,182.0,45.0,20180423 14:14:38.269000,20180423 22:14:30.000000,2
483,8896.13,82.0,8888.0,8887.45,8887.41,8886.51,8886.28,9143.17,9140.0,9139.99,9138.4,9138.0,1086.0,16.0,3.0,37.0,27.0,16.0,238.0,91.0,182.0,45.0,20180423 14:14:38.269000,20180423 22:14:30.000000,2
484,8896.13,2.0,8888.0,8887.45,8887.41,8886.51,8886.28,9143.17,9140.0,9139.99,9138.4,9138.0,1086.0,16.0,3.0,37.0,27.0,16.0,238.0,91.0,182.0,45.0,20180423 14:14:38.269000,20180423 22:14:30.000000,2
485,8896.13,2.0,8888.0,8887.45,8887.41,8886.51,8886.28,9143.17,9140.0,9139.99,9138.4,9138.0,1086.0,16.0,3.0,37.0,27.0,16.0,238.0,91.0,182.0,45.0,20180423 14:14:38.269000,20180423 22:14:30.000000,2
486,8896.13,108.0,8888.0,8887.45,8887.41,8886.51,8886.28,9143.17,9140.0,9139.99,9138.4,9138.0,1086.0,16.0,3.0,37.0,27.0,16.0,238.0,91.0,182.0,45.0,20180423 14:14:38.269000,20180423 22:14:30.000000,2
487,8896.13,50.0,8888.0,8887.45,8887.41,8886.51,8886.28,9143.17,9140.0,9139.99,9138.4,9138.0,1086.0,16.0,3.0,37.0,27.0,16.0,238.0,91.0,182.0,45.0,20180423 14:14:38.269000,20180423 22:14:30.000000,2
488,8896.13,84.0,8888.0,8887.45,8887.41,8886.51,8886.28,9143.17,9140.0,9139.99,9138.4,9138.0,1086.0,16.0,3.0,37.0,27.0,16.0,238.0,91.0,182.0,45.0,20180423 14:14:38.269000,20180423 22:14:30.000000,2
489,8896.13,70.0,8888.0,8887.45,8887.41,8886.51,8886.28,9143.17,9140.0,9139.99,9138.4,9138.0,1086.0,16.0,3.0,37.0,27.0,16.0,238.0,91.0,182.0,45.0,20180423 14:14:38.269000,20180423 22:14:30.000000,2
490,8896.13,2.0,8888.0,8887.45,8887.41,8886.51,8886.28,9143.17,9140.0,9139.99,9138.4,9138.0,1086.0,16.0,3.0,37.0,27.0,16.0,238.0,91.0,182.0,45.0,20180423 14:14:38.269000,20180423 22:14:30.000000,2
491,8896.13,2.0,8888.0,8887.45,8887.41,8886.51,8886.28,9143.17,9140.0,9139.99,9138.4,9138.0,1086.0,16.0,3.0,37.0,27.0,16.0,238.0,91.0,182.0,45.0,20180423 14:14:38.269000,20180423 22:14:30.000000,2
492,8896.13,2.0,8888.0,8887.45,8887.41,8886.51,8886.28,9143.17,9140.0,9139.99,9138.4,9138.0,1086.0,16.0,3.0,37.0,27.0,16.0,238.0,91.0,182.0,45.0,20180423 14:14:38.269000,20180423 22:14:30.000000,2
493,8896.13,2.0,8888.0,8887.45,8887.41,8886.51,8886.28,9143.17,9140.0,9139.99,9138.4,9138.0,1086.0,16.0,3.0,37.0,27.0,16.0,238.0,91.0,182.0,45.0,20180423 14:14:38.269000,20180423 22:14:30.000000,2
494,8896.13,2.0,8888.0,8887.45,8887.41,8886.51,8886.28,9143.17,9140.0,9139.99,9138.4,9138.0,1086.0,16.0,3.0,37.0,27.0,16.0,238.0,91.0,182.0,45.0,20180423 14:14:38.269000,20180423 22:14:30.000000,2
495,8896.13,2.0,8888.0,8887.45,8887.41,8886.51,8886.28,9143.17,9140.0,9139.99,9138.4,9138.0,1086.0,16.0,3.0,37.0,27.0,16.0,238.0,91.0,182.0,45.0,20180423 14:14:38.269000,20180423 22:14:30.000000,2
496,8896.13,76.0,8888.0,8887.45,8887.41,8886.51,8886.28,9143.17,9140.0,9139.99,9138.4,9138.0,1086.0,16.0,3.0,37.0,27.0,16.0,238.0,91.0,182.0,45.0,20180423 14:14:38.269000,20180423 22:14:30.000000,2
497,8895.0,10.0,8888.0,8887.45,8887.41,8886.51,8886.28,9143.17,9140.0,9139.99,9138.4,9138.0,1086.0,16.0,3.0,37.0,27.0,16.0,238.0,91.0,182.0,45.0,20180423 14:14:38.269000,20180423 22:14:30.000000,2
498,8895.0,32.0,8888.0,8887.45,8887.41,8886.51,8886.28,9143.17,9140.0,9139.99,9138.4,9138.0,1086.0,16.0,3.0,37.0,27.0,16.0,238.0,91.0,182.0,45.0,20180423 14:14:38.269000,20180423 22:14:30.000000,2
499,8892.78,2.0,8888.0,8887.45,8887.41,8886.51,8886.28,9143.17,9140.0,9139.99,9138.4,9138.0,1086.0,16.0,3.0,37.0,27.0,16.0,238.0,91.0,182.0,45.0,20180423 14:14:38.269000,20180423 22:14:30.000000,2
500,8892.78,140.0,8888.0,8887.45,8887.41,8886.51,8886.28,9143.17,9140.0,9139.99,9138.4,9138.0,1086.0,16.0,3.0,37.0,27.0,16.0,238.0,91.0,182.0,45.0,20180423 14:14:38.269000,20180423 22:14:31.000000,2
501,8894.84,4.0,8888.0,8887.45,8887.41,8886.51,8886.28,9143.17,9140.0,9139.99,9138.4,9138.0,1086.0,16.0,3.0,37.0,27.0,16.0,238.0,91.0,182.0,45.0,20180423 14:14:38.269000,20180423 22:14:31.000000,2
502,8892.78,2.0,8888.0,8887.45,8887.41,8886.51,8886.28,9143.17,9140.0,9139.99,9138.4,9138.0,1086.0,16.0,3.0,37.0,27.0,16.0,238.0,91.0,182.0,45.0,20180423 14:14:38.269000,20180423 22:14:31.000000,2
503,8892.78,2.0,8888.0,8887.45,8887.41,8886.51,8886.28,9143.17,9140.0,9139.99,9138.4,9138.0,1086.0,16.0,3.0,37.0,27.0,16.0,238.0,91.0,182.0,45.0,20180423 14:14:38.269000,20180423 22:14:31.000000,2
504,8892.78,30.0,8888.0,8887.45,8887.41,8886.51,8886.28,9143.17,9140.0,9139.99,9138.4,9138.0,1086.0,16.0,3.0,37.0,27.0,16.0,238.0,91.0,182.0,45.0,20180423 14:14:38.269000,20180423 22:14:31.000000,2
505,8890.83,28.0,8888.0,8887.45,8887.41,8886.51,8886.28,9143.17,9140.0,9139.99,9138.4,9138.0,1086.0,16.0,3.0,37.0,27.0,16.0,238.0,91.0,182.0,45.0,20180423 14:14:38.269000,20180423 22:14:31.000000,2
506,8890.82,60.0,8888.0,8887.45,8887.41,8886.51,8886.28,9143.17,9140.0,9139.99,9138.4,9138.0,1086.0,16.0,3.0,37.0,27.0,16.0,238.0,91.0,182.0,45.0,20180423 14:14:38.269000,20180423 22:14:31.000000,2
507,8890.82,54.0,8888.0,8887.45,8887.41,8886.51,8886.28,9143.17,9140.0,9139.99,9138.4,9138.0,1086.0,16.0,3.0,37.0,27.0,16.0,238.0,91.0,182.0,45.0,20180423 14:14:38.269000,20180423 22:14:31.000000,2
508,8890.0,22.0,8888.0,8887.45,8887.41,8886.51,8886.28,9143.17,9140.0,9139.99,9138.4,9138.0,1086.0,16.0,3.0,37.0,27.0,16.0,238.0,91.0,182.0,45.0,20180423 14:14:38.269000,20180423 22:14:31.000000,2
509,8890.0,10.0,8888.0,8887.45,8887.41,8886.51,8886.28,9143.17,9140.0,9139.99,9138.4,9138.0,1086.0,16.0,3.0,37.0,27.0,16.0,238.0,91.0,182.0,45.0,20180423 14:14:38.269000,20180423 22:14:31.000000,2
510,8889.19,48.0,8888.0,8887.45,8887.41,8886.51,8886.28,9143.17,9140.0,9139.99,9138.4,9138.0,1086.0,16.0,3.0,37.0,27.0,16.0,238.0,91.0,182.0,45.0,20180423 14:14:38.269000,20180423 22:14:31.000000,2
511,8889.0,88.0,8888.0,8887.45,8887.41,8886.51,8886.28,9143.17,9140.0,9139.99,9138.4,9138.0,1086.0,16.0,3.0,37.0,27.0,16.0,238.0,91.0,182.0,45.0,20180423 14:14:38.269000,20180423 22:14:31.000000,2
512,8888.99,124.0,8888.0,8887.45,8887.41,8886.51,8886.28,9143.17,9140.0,9139.99,9138.4,9138.0,1086.0,16.0,3.0,37.0,27.0,16.0,238.0,91.0,182.0,45.0,20180423 14:14:38.269000,20180423 22:14:31.000000,2
513,8888.82,106.0,8888.0,8887.45,8887.41,8886.51,8886.28,9143.17,9140.0,9139.99,9138.4,9138.0,1086.0,16.0,3.0,37.0,27.0,16.0,238.0,91.0,182.0,45.0,20180423 14:14:38.269000,20180423 22:14:31.000000,2
514,8888.8,144.0,8888.0,8887.45,8887.41,8886.51,8886.28,9143.17,9140.0,9139.99,9138.4,9138.0,1086.0,16.0,3.0,37.0,27.0,16.0,238.0,91.0,182.0,45.0,20180423 14:14:38.269000,20180423 22:14:31.000000,2
515,8888.82,2.0,8888.0,8887.45,8887.41,8886.51,8886.28,9143.17,9140.0,9139.99,9138.4,9138.0,1086.0,16.0,3.0,37.0,27.0,16.0,238.0,91.0,182.0,45.0,20180423 14:14:38.269000,20180423 22:14:31.000000,2
516,8888.82,144.0,8888.0,8887.45,8887.41,8886.51,8886.28,9143.17,9140.0,9139.99,9138.4,9138.0,1086.0,16.0,3.0,37.0,27.0,16.0,238.0,91.0,182.0,45.0,20180423 14:14:38.269000,20180423 22:14:31.000000,2
517,8888.82,2.0,8888.0,8887.45,8887.41,8886.51,8886.28,9143.17,9140.0,9139.99,9138.4,9138.0,1086.0,16.0,3.0,37.0,27.0,16.0,238.0,91.0,182.0,45.0,20180423 14:14:38.269000,20180423 22:14:31.000000,2
518,8893.2,66.0,8888.0,8887.45,8887.41,8886.51,8886.28,9143.17,9140.0,9139.99,9138.4,9138.0,1086.0,16.0,3.0,37.0,27.0,16.0,238.0,91.0,182.0,45.0,20180423 14:14:38.269000,20180423 22:14:31.000000,2
519,8888.82,2.0,8888.0,8887.45,8887.41,8886.51,8886.28,9143.17,9140.0,9139.99,9138.4,9138.0,1086.0,16.0,3.0,37.0,27.0,16.0,238.0,91.0,182.0,45.0,20180423 14:14:38.269000,20180423 22:14:31.000000,2
520,8888.82,2.0,8888.0,8887.45,8887.41,8886.51,8886.28,9143.17,9140.0,9139.99,9138.4,9138.0,1086.0,16.0,3.0,37.0,27.0,16.0,238.0,91.0,182.0,45.0,20180423 14:14:38.269000,20180423 22:14:32.000000,2
521,8891.0,4.0,8888.0,8887.45,8887.41,8886.51,8886.28,9143.17,9140.0,9139.99,9138.4,9138.0,1086.0,16.0,3.0,37.0,27.0,16.0,238.0,91.0,182.0,45.0,20180423 14:14:38.269000,20180423 22:14:32.000000,2
522,8889.2,28.0,8888.0,8887.45,8887.41,8886.51,8886.28,9143.17,9140.0,9139.99,9138.4,9138.0,1086.0,16.0,3.0,37.0,27.0,16.0,238.0,91.0,182.0,45.0,20180423 14:14:38.269000,20180423 22:14:32.000000,2
523,8888.8,64.0,8888.0,8887.45,8887.41,8886.51,8886.28,9143.17,9140.0,9139.99,9138.4,9138.0,1086.0,16.0,3.0,37.0,27.0,16.0,238.0,91.0,182.0,45.0,20180423 14:14:38.269000,20180423 22:14:32.000000,2
524,8891.0,60.0,8888.0,8887.45,8887.41,8886.51,8886.28,9143.17,9140.0,9139.99,9138.4,9138.0,1086.0,16.0,3.0,37.0,27.0,16.0,238.0,91.0,182.0,45.0,20180423 14:14:38.269000,20180423 22:14:32.000000,2
525,8888.8,2.0,8888.0,8887.45,8887.41,8886.51,8886.28,9143.17,9140.0,9139.99,9138.4,9138.0,1086.0,16.0,3.0,37.0,27.0,16.0,238.0,91.0,182.0,45.0,20180423 14:14:38.269000,20180423 22:14:32.000000,2
526,8888.8,146.0,8888.0,8887.45,8887.41,8886.51,8886.28,9143.17,9140.0,9139.99,9138.4,9138.0,1086.0,16.0,3.0,37.0,27.0,16.0,238.0,91.0,182.0,45.0,20180423 14:14:38.269000,20180423 22:14:32.000000,2
527,8888.0,34.0,8888.0,8887.45,8887.41,8886.51,8886.28,9143.17,9140.0,9139.99,9138.4,9138.0,1086.0,16.0,3.0,37.0,27.0,16.0,238.0,91.0,182.0,45.0,20180423 14:14:38.269000,20180423 22:14:32.000000,2
528,8888.0,442.0,8888.0,8887.45,8887.41,8886.51,8886.28,9143.17,9140.0,9139.99,9138.4,9138.0,1086.0,16.0,3.0,37.0,27.0,16.0,238.0,91.0,182.0,45.0,20180423 14:14:38.269000,20180423 22:14:32.000000,2
529,8888.0,60.0,8888.0,8887.45,8887.41,8886.51,8886.28,9143.17,9140.0,9139.99,9138.4,9138.0,1086.0,16.0,3.0,37.0,27.0,16.0,238.0,91.0,182.0,45.0,20180423 14:14:38.269000,20180423 22:14:32.000000,2
530,8890.82,60.0,8888.0,8887.45,8887.41,8886.51,8886.28,9143.17,9140.0,9139.99,9138.4,9138.0,1086.0,16.0,3.0,37.0,27.0,16.0,238.0,91.0,182.0,45.0,20180423 14:14:38.269000,20180423 22:14:33.000000,2
531,8890.98,138.0,8888.0,8887.45,8887.41,8886.51,8886.28,9143.17,9140.0,9139.99,9138.4,9138.0,1086.0,16.0,3.0,37.0,27.0,16.0,238.0,91.0,182.0,45.0,20180423 14:14:38.269000,20180423 22:14:33.000000,2
532,8891.0,62.0,8888.0,8887.45,8887.41,8886.51,8886.28,9143.17,9140.0,9139.99,9138.4,9138.0,1086.0,16.0,3.0,37.0,27.0,16.0,238.0,91.0,182.0,45.0,20180423 14:14:38.269000,20180423 22:14:33.000000,2
533,8891.0,10.0,8888.0,8887.45,8887.41,8886.51,8886.28,9143.17,9140.0,9139.99,9138.4,9138.0,1086.0,16.0,3.0,37.0,27.0,16.0,238.0,91.0,182.0,45.0,20180423 14:14:38.269000,20180423 22:14:33.000000,2
534,8891.0,16.0,8888.0,8887.45,8887.41,8886.51,8886.28,9143.17,9140.0,9139.99,9138.4,9138.0,1086.0,16.0,3.0,37.0,27.0,16.0,238.0,91.0,182.0,45.0,20180423 14:14:38.269000,20180423 22:14:33.000000,2
535,8891.0,54.0,8888.0,8887.45,8887.41,8886.51,8886.28,9143.17,9140.0,9139.99,9138.4,9138.0,1086.0,16.0,3.0,37.0,27.0,16.0,238.0,91.0,182.0,45.0,20180423 14:14:38.269000,20180423 22:14:33.000000,2
536,8891.0,2.0,8888.0,8887.45,8887.41,8886.51,8886.28,9143.17,9140.0,9139.99,9138.4,9138.0,1086.0,16.0,3.0,37.0,27.0,16.0,238.0,91.0,182.0,45.0,20180423 14:14:38.269000,20180423 22:14:33.000000,2
537,8888.71,8.0,8888.0,8887.45,8887.41,8886.51,8886.28,9143.17,9140.0,9139.99,9138.4,9138.0,1086.0,16.0,3.0,37.0,27.0,16.0,238.0,91.0,182.0,45.0,20180423 14:14:38.269000,20180423 22:14:33.000000,2
538,8888.0,16.0,8888.0,8887.45,8887.41,8886.51,8886.28,9143.17,9140.0,9139.99,9138.4,9138.0,1086.0,16.0,3.0,37.0,27.0,16.0,238.0,91.0,182.0,45.0,20180423 14:14:38.269000,20180423 22:14:33.000000,2
539,8888.0,2.0,8888.0,8887.45,8887.41,8886.51,8886.28,9143.17,9140.0,9139.99,9138.4,9138.0,1086.0,16.0,3.0,37.0,27.0,16.0,238.0,91.0,182.0,45.0,20180423 14:14:38.269000,20180423 22:14:33.000000,2
540,8891.33,12.0,8888.0,8887.45,8887.41,8886.51,8886.28,9143.17,9140.0,9139.99,9138.4,9138.0,1086.0,16.0,3.0,37.0,27.0,16.0,238.0,91.0,182.0,45.0,20180423 14:14:38.269000,20180423 22:14:33.000000,2
541,8891.86,8.0,8888.0,8887.45,8887.41,8886.51,8886.28,9143.17,9140.0,9139.99,9138.4,9138.0,1086.0,16.0,3.0,37.0,27.0,16.0,238.0,91.0,182.0,45.0,20180423 14:14:38.269000,20180423 22:14:33.000000,2
542,8888.82,2.0,8888.0,8887.45,8887.41,8886.51,8886.28,9143.17,9140.0,9139.99,9138.4,9138.0,1086.0,16.0,3.0,37.0,27.0,16.0,238.0,91.0,182.0,45.0,20180423 14:14:38.269000,20180423 22:14:33.000000,2
543,8889.09,14.0,8888.0,8887.45,8887.41,8886.51,8886.28,9143.17,9140.0,9139.99,9138.4,9138.0,1086.0,16.0,3.0,37.0,27.0,16.0,238.0,91.0,182.0,45.0,20180423 14:14:38.269000,20180423 22:14:33.000000,2
544,8891.86,32.0,8888.0,8887.45,8887.41,8886.51,8886.28,9143.17,9140.0,9139.99,9138.4,9138.0,1086.0,16.0,3.0,37.0,27.0,16.0,238.0,91.0,182.0,45.0,20180423 14:14:38.269000,20180423 22:14:33.000000,2
545,8891.86,40.0,8888.0,8887.45,8887.41,8886.51,8886.28,9143.17,9140.0,9139.99,9138.4,9138.0,1086.0,16.0,3.0,37.0,27.0,16.0,238.0,91.0,182.0,45.0,20180423 14:14:38.269000,20180423 22:14:33.000000,2
546,8892.31,2.0,8888.0,8887.45,8887.41,8886.51,8886.28,9143.17,9140.0,9139.99,9138.4,9138.0,1086.0,16.0,3.0,37.0,27.0,16.0,238.0,91.0,182.0,45.0,20180423 14:14:38.269000,20180423 22:14:33.000000,2
547,8892.31,2.0,8888.0,8887.45,8887.41,8886.51,8886.28,9143.17,9140.0,9139.99,9138.4,9138.0,1086.0,16.0,3.0,37.0,27.0,16.0,238.0,91.0,182.0,45.0,20180423 14:14:38.269000,20180423 22:14:33.000000,2
548,8892.6,34.0,8888.0,8887.45,8887.41,8886.51,8886.28,9143.17,9140.0,9139.99,9138.4,9138.0,1086.0,16.0,3.0,37.0,27.0,16.0,238.0,91.0,182.0,45.0,20180423 14:14:38.269000,20180423 22:14:33.000000,2
549,8893.19,74.0,8888.0,8887.45,8887.41,8886.51,8886.28,9143.17,9140.0,9139.99,9138.4,9138.0,1086.0,16.0,3.0,37.0,27.0,16.0,238.0,91.0,182.0,45.0,20180423 14:14:38.269000,20180423 22:14:33.000000,2
550,8888.82,2.0,8888.0,8887.45,8887.41,8886.51,8886.28,9143.17,9140.0,9139.99,9138.4,9138.0,1086.0,16.0,3.0,37.0,27.0,16.0,238.0,91.0,182.0,45.0,20180423 14:14:38.269000,20180423 22:14:33.000000,2
551,8888.82,2.0,8888.0,8887.45,8887.41,8886.51,8886.28,9143.17,9140.0,9139.99,9138.4,9138.0,1086.0,16.0,3.0,37.0,27.0,16.0,238.0,91.0,182.0,45.0,20180423 14:14:38.269000,20180423 22:14:33.000000,2
552,8893.19,66.0,8888.0,8887.45,8887.41,8886.51,8886.28,9143.17,9140.0,9139.99,9138.4,9138.0,1086.0,16.0,3.0,37.0,27.0,16.0,238.0,91.0,182.0,45.0,20180423 14:14:38.269000,20180423 22:14:33.000000,2
553,8888.82,18.0,8888.0,8887.45,8887.41,8886.51,8886.28,9143.17,9140.0,9139.99,9138.4,9138.0,1086.0,16.0,3.0,37.0,27.0,16.0,238.0,91.0,182.0,45.0,20180423 14:14:38.269000,20180423 22:14:33.000000,2
554,8888.82,2.0,8888.0,8887.45,8887.41,8886.51,8886.28,9143.17,9140.0,9139.99,9138.4,9138.0,1086.0,16.0,3.0,37.0,27.0,16.0,238.0,91.0,182.0,45.0,20180423 14:14:38.269000,20180423 22:14:33.000000,2
555,8888.82,4.0,8888.0,8887.45,8887.41,8886.51,8886.28,9143.17,9140.0,9139.99,9138.4,9138.0,1086.0,16.0,3.0,37.0,27.0,16.0,238.0,91.0,182.0,45.0,20180423 14:14:38.269000,20180423 22:14:33.000000,2
556,8892.58,60.0,8888.0,8887.45,8887.41,8886.51,8886.28,9143.17,9140.0,9139.99,9138.4,9138.0,1086.0,16.0,3.0,37.0,27.0,16.0,238.0,91.0,182.0,45.0,20180423 14:14:38.269000,20180423 22:14:33.000000,2
557,8888.82,2.0,8888.0,8887.45,8887.41,8886.51,8886.28,9143.17,9140.0,9139.99,9138.4,9138.0,1086.0,16.0,3.0,37.0,27.0,16.0,238.0,91.0,182.0,45.0,20180423 14:14:38.269000,20180423 22:14:33.000000,2
558,8888.82,2.0,8888.0,8887.45,8887.41,8886.51,8886.28,9143.17,9140.0,9139.99,9138.4,9138.0,1086.0,16.0,3.0,37.0,27.0,16.0,238.0,91.0,182.0,45.0,20180423 14:14:38.269000,20180423 22:14:33.000000,2
559,8888.32,2.0,8888.0,8887.45,8887.41,8886.51,8886.28,9143.17,9140.0,9139.99,9138.4,9138.0,1086.0,16.0,3.0,37.0,27.0,16.0,238.0,91.0,182.0,45.0,20180423 14:14:38.269000,20180423 22:14:33.000000,2
560,8888.32,10.0,8888.0,8887.45,8887.41,8886.51,8886.28,9143.17,9140.0,9139.99,9138.4,9138.0,1086.0,16.0,3.0,37.0,27.0,16.0,238.0,91.0,182.0,45.0,20180423 14:14:38.269000,20180423 22:14:34.000000,2
561,8888.0,60.0,8888.0,8887.45,8887.41,8886.51,8886.28,9143.17,9140.0,9139.99,9138.4,9138.0,1086.0,16.0,3.0,37.0,27.0,16.0,238.0,91.0,182.0,45.0,20180423 14:14:38.269000,20180423 22:14:34.000000,2
562,8888.0,2.0,8888.0,8887.45,8887.41,8886.51,8886.28,9143.17,9140.0,9139.99,9138.4,9138.0,1086.0,16.0,3.0,37.0,27.0,16.0,238.0,91.0,182.0,45.0,20180423 14:14:38.269000,20180423 22:14:34.000000,2
563,8888.0,100.0,8888.0,8887.45,8887.41,8886.51,8886.28,9143.17,9140.0,9139.99,9138.4,9138.0,1086.0,16.0,3.0,37.0,27.0,16.0,238.0,91.0,182.0,45.0,20180423 14:14:38.269000,20180423 22:14:34.000000,2
564,8888.0,28.0,8888.0,8887.45,8887.41,8886.51,8886.28,9143.17,9140.0,9139.99,9138.4,9138.0,1086.0,16.0,3.0,37.0,27.0,16.0,238.0,91.0,182.0,45.0,20180423 14:14:38.269000,20180423 22:14:34.000000,2
565,8888.0,78.0,8888.0,8887.45,8887.41,8886.51,8886.28,9143.17,9140.0,9139.99,9138.4,9138.0,1086.0,16.0,3.0,37.0,27.0,16.0,238.0,91.0,182.0,45.0,20180423 14:14:38.269000,20180423 22:14:34.000000,2
566,8888.0,2.0,8888.0,8887.45,8887.41,8886.51,8886.28,9143.17,9140.0,9139.99,9138.4,9138.0,1086.0,16.0,3.0,37.0,27.0,16.0,238.0,91.0,182.0,45.0,20180423 14:14:38.269000,20180423 22:14:34.000000,2
567,8888.23,10.0,8888.0,8887.45,8887.41,8886.51,8886.28,9143.17,9140.0,9139.99,9138.4,9138.0,1086.0,16.0,3.0,37.0,27.0,16.0,238.0,91.0,182.0,45.0,20180423 14:14:38.269000,20180423 22:14:34.000000,2
568,8888.33,92.0,8888.0,8887.45,8887.41,8886.51,8886.28,9143.17,9140.0,9139.99,9138.4,9138.0,1086.0,16.0,3.0,37.0,27.0,16.0,238.0,91.0,182.0,45.0,20180423 14:14:38.269000,20180423 22:14:34.000000,2
569,8888.0,32.0,8888.0,8887.45,8887.41,8886.51,8886.28,9143.17,9140.0,9139.99,9138.4,9138.0,1086.0,16.0,3.0,37.0,27.0,16.0,238.0,91.0,182.0,45.0,20180423 14:14:38.269000,20180423 22:14:34.000000,2
570,8888.0,66.0,8888.0,8887.45,8887.41,8886.51,8886.28,9143.17,9140.0,9139.99,9138.4,9138.0,1086.0,16.0,3.0,37.0,27.0,16.0,238.0,91.0,182.0,45.0,20180423 14:14:38.269000,20180423 22:14:34.000000,2
571,8888.0,32.0,8888.0,8887.45,8887.41,8886.51,8886.28,9143.17,9140.0,9139.99,9138.4,9138.0,1086.0,16.0,3.0,37.0,27.0,16.0,238.0,91.0,182.0,45.0,20180423 14:14:38.269000,20180423 22:14:34.000000,2
572,8888.0,800.0,8888.0,8887.45,8887.41,8886.51,8886.28,9143.17,9140.0,9139.99,9138.4,9138.0,1086.0,16.0,3.0,37.0,27.0,16.0,238.0,91.0,182.0,45.0,20180423 14:14:38.269000,20180423 22:14:34.000000,2
573,8888.0,4.0,8888.0,8887.45,8887.41,8886.51,8886.28,9143.17,9140.0,9139.99,9138.4,9138.0,1086.0,16.0,3.0,37.0,27.0,16.0,238.0,91.0,182.0,45.0,20180423 14:14:38.269000,20180423 22:14:34.000000,2
574,8888.0,2.0,8888.0,8887.45,8887.41,8886.51,8886.28,9143.17,9140.0,9139.99,9138.4,9138.0,1086.0,16.0,3.0,37.0,27.0,16.0,238.0,91.0,182.0,45.0,20180423 14:14:38.269000,20180423 22:14:34.000000,2
575,8888.0,66.0,8888.0,8887.45,8887.41,8886.51,8886.28,9143.17,9140.0,9139.99,9138.4,9138.0,1086.0,16.0,3.0,37.0,27.0,16.0,238.0,91.0,182.0,45.0,20180423 14:14:38.269000,20180423 22:14:35.000000,2
576,8888.0,2.0,8888.0,8887.45,8887.41,8886.51,8886.28,9143.17,9140.0,9139.99,9138.4,9138.0,1086.0,16.0,3.0,37.0,27.0,16.0,238.0,91.0,182.0,45.0,20180423 14:14:38.269000,20180423 22:14:35.000000,2
577,8888.32,36.0,8888.0,8887.45,8887.41,8886.51,8886.28,9143.17,9140.0,9139.99,9138.4,9138.0,1086.0,16.0,3.0,37.0,27.0,16.0,238.0,91.0,182.0,45.0,20180423 14:14:38.269000,20180423 22:14:35.000000,2
578,8888.73,140.0,8888.0,8887.45,8887.41,8886.51,8886.28,9143.17,9140.0,9139.99,9138.4,9138.0,1086.0,16.0,3.0,37.0,27.0,16.0,238.0,91.0,182.0,45.0,20180423 14:14:38.269000,20180423 22:14:35.000000,2
579,8888.82,10.0,8888.0,8887.45,8887.41,8886.51,8886.28,9143.17,9140.0,9139.99,9138.4,9138.0,1086.0,16.0,3.0,37.0,27.0,16.0,238.0,91.0,182.0,45.0,20180423 14:14:38.269000,20180423 22:14:35.000000,2
580,8888.82,40.0,8888.0,8887.45,8887.41,8886.51,8886.28,9143.17,9140.0,9139.99,9138.4,9138.0,1086.0,16.0,3.0,37.0,27.0,16.0,238.0,91.0,182.0,45.0,20180423 14:14:38.269000,20180423 22:14:35.000000,2
581,8888.82,200.0,8888.0,8887.45,8887.41,8886.51,8886.28,9143.17,9140.0,9139.99,9138.4,9138.0,1086.0,16.0,3.0,37.0,27.0,16.0,238.0,91.0,182.0,45.0,20180423 14:14:38.269000,20180423 22:14:35.000000,2
582,8888.01,2.0,8888.0,8887.45,8887.41,8886.51,8886.28,9143.17,9140.0,9139.99,9138.4,9138.0,1086.0,16.0,3.0,37.0,27.0,16.0,238.0,91.0,182.0,45.0,20180423 14:14:38.269000,20180423 22:14:36.000000,2
583,8890.45,6.0,8888.0,8887.45,8887.41,8886.51,8886.28,9143.17,9140.0,9139.99,9138.4,9138.0,1086.0,16.0,3.0,37.0,27.0,16.0,238.0,91.0,182.0,45.0,20180423 14:14:38.269000,20180423 22:14:36.000000,2
584,8888.0,102.0,8888.0,8887.45,8887.41,8886.51,8886.28,9143.17,9140.0,9139.99,9138.4,9138.0,1086.0,16.0,3.0,37.0,27.0,16.0,238.0,91.0,182.0,45.0,20180423 14:14:38.269000,20180423 22:14:36.000000,2
585,8888.01,52.0,8888.0,8887.45,8887.41,8886.51,8886.28,9143.17,9140.0,9139.99,9138.4,9138.0,1086.0,16.0,3.0,37.0,27.0,16.0,238.0,91.0,182.0,45.0,20180423 14:14:38.269000,20180423 22:14:36.000000,2
586,8888.0,26.0,8888.0,8887.45,8887.41,8886.51,8886.28,9143.17,9140.0,9139.99,9138.4,9138.0,1086.0,16.0,3.0,37.0,27.0,16.0,238.0,91.0,182.0,45.0,20180423 14:14:38.269000,20180423 22:14:36.000000,2
587,8888.0,110.0,8888.0,8887.45,8887.41,8886.51,8886.28,9143.17,9140.0,9139.99,9138.4,9138.0,1086.0,16.0,3.0,37.0,27.0,16.0,238.0,91.0,182.0,45.0,20180423 14:14:38.269000,20180423 22:14:36.000000,2
588,8888.0,108.0,8888.0,8887.45,8887.41,8886.51,8886.28,9143.17,9140.0,9139.99,9138.4,9138.0,1086.0,16.0,3.0,37.0,27.0,16.0,238.0,91.0,182.0,45.0,20180423 14:14:38.269000,20180423 22:14:36.000000,2
589,8888.21,20.0,8888.0,8887.45,8887.41,8886.51,8886.28,9143.17,9140.0,9139.99,9138.4,9138.0,1086.0,16.0,3.0,37.0,27.0,16.0,238.0,91.0,182.0,45.0,20180423 14:14:38.269000,20180423 22:14:36.000000,2
590,8888.0,16.0,8888.0,8887.45,8887.41,8886.51,8886.28,9143.17,9140.0,9139.99,9138.4,9138.0,1086.0,16.0,3.0,37.0,27.0,16.0,238.0,91.0,182.0,45.0,20180423 14:14:38.269000,20180423 22:14:36.000000,2
591,8888.0,66.0,8888.0,8887.45,8887.41,8886.51,8886.28,9143.17,9140.0,9139.99,9138.4,9138.0,1086.0,16.0,3.0,37.0,27.0,16.0,238.0,91.0,182.0,45.0,20180423 14:14:38.269000,20180423 22:14:36.000000,2
592,8888.0,2.0,8888.0,8887.45,8887.41,8886.51,8886.28,9143.17,9140.0,9139.99,9138.4,9138.0,1086.0,16.0,3.0,37.0,27.0,16.0,238.0,91.0,182.0,45.0,20180423 14:14:38.269000,20180423 22:14:36.000000,2
593,8888.02,86.0,8888.0,8887.45,8887.41,8886.51,8886.28,9143.17,9140.0,9139.99,9138.4,9138.0,1086.0,16.0,3.0,37.0,27.0,16.0,238.0,91.0,182.0,45.0,20180423 14:14:38.269000,20180423 22:14:36.000000,2
594,8888.21,90.0,8888.0,8887.45,8887.41,8886.51,8886.28,9143.17,9140.0,9139.99,9138.4,9138.0,1086.0,16.0,3.0,37.0,27.0,16.0,238.0,91.0,182.0,45.0,20180423 14:14:38.269000,20180423 22:14:36.000000,2
595,8888.21,54.0,8888.0,8887.45,8887.41,8886.51,8886.28,9143.17,9140.0,9139.99,9138.4,9138.0,1086.0,16.0,3.0,37.0,27.0,16.0,238.0,91.0,182.0,45.0,20180423 14:14:38.269000,20180423 22:14:37.000000,2
596,8888.21,20.0,8888.0,8887.45,8887.41,8886.51,8886.28,9143.17,9140.0,9139.99,9138.4,9138.0,1086.0,16.0,3.0,37.0,27.0,16.0,238.0,91.0,182.0,45.0,20180423 14:14:38.269000,20180423 22:14:37.000000,2
597,8888.0,2.0,8888.0,8887.45,8887.41,8886.51,8886.28,9143.17,9140.0,9139.99,9138.4,9138.0,1086.0,16.0,3.0,37.0,27.0,16.0,238.0,91.0,182.0,45.0,20180423 14:14:38.269000,20180423 22:14:37.000000,2
598,8888.0,34.0,8888.0,8887.45,8887.41,8886.51,8886.28,9143.17,9140.0,9139.99,9138.4,9138.0,1086.0,16.0,3.0,37.0,27.0,16.0,238.0,91.0,182.0,45.0,20180423 14:14:38.269000,20180423 22:14:37.000000,2
599,8888.0,50.0,8888.0,8887.45,8887.41,8886.51,8886.28,9143.17,9140.0,9139.99,9138.4,9138.0,1086.0,16.0,3.0,37.0,27.0,16.0,238.0,91.0,182.0,45.0,20180423 14:14:38.269000,20180423 22:14:37.000000,2
600,8888.0,68.0,8888.0,8887.45,8887.41,8886.51,8886.28,9143.17,9140.0,9139.99,9138.4,9138.0,1086.0,16.0,3.0,37.0,27.0,16.0,238.0,91.0,182.0,45.0,20180423 14:14:38.269000,20180423 22:14:37.000000,2
601,8888.0,2.0,8888.0,8887.45,8887.41,8886.51,8886.28,9143.17,9140.0,9139.99,9138.4,9138.0,1086.0,16.0,3.0,37.0,27.0,16.0,238.0,91.0,182.0,45.0,20180423 14:14:38.269000,20180423 22:14:37.000000,2
602,8888.0,2.0,8888.0,8887.45,8887.41,8886.51,8886.28,9143.17,9140.0,9139.99,9138.4,9138.0,1086.0,16.0,3.0,37.0,27.0,16.0,238.0,91.0,182.0,45.0,20180423 14:14:38.269000,20180423 22:14:37.000000,2
604,8888.0,2.0,8888.0,8884.96,8884.2,8883.96,8883.19,9148.0,9147.31,9003.24,8962.8,8951.5,681.0,21.0,0.0,50.0,0.0,2.0,8.0,0.0,14.0,50.0,20180423 14:14:39.522000,20180423 22:14:37.000000,1
613,8888,2,8888.0,8884.96,8884.2,8883.96,8883.19,9148.0,9147.31,9003.24,8962.8,8951.5,681.0,21.0,0.0,50.0,0.0,2.0,8.0,0.0,14.0,50.0,20180423 14:14:39.522000,20180423 22:14:39.000000,2
614,8888,800,8888.0,8884.96,8884.2,8883.96,8883.19,9148.0,9147.31,9003.24,8962.8,8951.5,681.0,21.0,0.0,50.0,0.0,2.0,8.0,0.0,14.0,50.0,20180423 14:14:39.522000,20180423 22:14:39.000000,2
615,8888,2,8888.0,8884.96,8884.2,8883.96,8883.19,9148.0,9147.31,9003.24,8962.8,8951.5,681.0,21.0,0.0,50.0,0.0,2.0,8.0,0.0,14.0,50.0,20180423 14:14:39.522000,20180423 22:14:39.000000,2
616,8888,2,8888.0,8884.96,8884.2,8883.96,8883.19,9148.0,9147.31,9003.24,8962.8,8951.5,681.0,21.0,0.0,50.0,0.0,2.0,8.0,0.0,14.0,50.0,20180423 14:14:39.522000,20180423 22:14:39.000000,2
617,8888.19,110,8888.0,8884.96,8884.2,8883.96,8883.19,9148.0,9147.31,9003.24,8962.8,8951.5,681.0,21.0,0.0,50.0,0.0,2.0,8.0,0.0,14.0,50.0,20180423 14:14:39.522000,20180423 22:14:39.000000,2
618,8888.19,28,8888.0,8884.96,8884.2,8883.96,8883.19,9148.0,9147.31,9003.24,8962.8,8951.5,681.0,21.0,0.0,50.0,0.0,2.0,8.0,0.0,14.0,50.0,20180423 14:14:39.522000,20180423 22:14:39.000000,2
619,8888,2,8888.0,8884.96,8884.2,8883.96,8883.19,9148.0,9147.31,9003.24,8962.8,8951.5,681.0,21.0,0.0,50.0,0.0,2.0,8.0,0.0,14.0,50.0,20180423 14:14:39.522000,20180423 22:14:39.000000,2
620,8888,2,8888.0,8884.96,8884.2,8883.96,8883.19,9148.0,9147.31,9003.24,8962.8,8951.5,681.0,21.0,0.0,50.0,0.0,2.0,8.0,0.0,14.0,50.0,20180423 14:14:39.522000,20180423 22:14:39.000000,2
622,8888,2,8888.0,8887.45,8884.96,8884.22,8883.96,9285.05,9280.0,9260.0,9250.0,9236.0,455.0,0.0,0.0,56.0,0.0,2500.0,38.0,138.0,275.0,27.0,20180423 14:14:40.070000,20180423 22:14:39.000000,1
641,8888,2,8888.0,8887.45,8884.96,8884.22,8883.96,9285.05,9280.0,9260.0,9250.0,9236.0,455.0,0.0,0.0,56.0,0.0,2500.0,38.0,138.0,275.0,27.0,20180423 14:14:40.070000,20180423 22:14:40.000000,2
642,8888,2,8888.0,8887.45,8884.96,8884.22,8883.96,9285.05,9280.0,9260.0,9250.0,9236.0,455.0,0.0,0.0,56.0,0.0,2500.0,38.0,138.0,275.0,27.0,20180423 14:14:40.070000,20180423 22:14:40.000000,2
643,8888,2,8888.0,8887.45,8884.96,8884.22,8883.96,9285.05,9280.0,9260.0,9250.0,9236.0,455.0,0.0,0.0,56.0,0.0,2500.0,38.0,138.0,275.0,27.0,20180423 14:14:40.070000,20180423 22:14:40.000000,2
644,8888,2,8888.0,8887.45,8884.96,8884.22,8883.96,9285.05,9280.0,9260.0,9250.0,9236.0,455.0,0.0,0.0,56.0,0.0,2500.0,38.0,138.0,275.0,27.0,20180423 14:14:40.070000,20180423 22:14:40.000000,2
645,8888,28,8888.0,8887.45,8884.96,8884.22,8883.96,9285.05,9280.0,9260.0,9250.0,9236.0,455.0,0.0,0.0,56.0,0.0,2500.0,38.0,138.0,275.0,27.0,20180423 14:14:40.070000,20180423 22:14:40.000000,2
646,8888,88,8888.0,8887.45,8884.96,8884.22,8883.96,9285.05,9280.0,9260.0,9250.0,9236.0,455.0,0.0,0.0,56.0,0.0,2500.0,38.0,138.0,275.0,27.0,20180423 14:14:40.070000,20180423 22:14:40.000000,2
647,8888,16,8888.0,8887.45,8884.96,8884.22,8883.96,9285.05,9280.0,9260.0,9250.0,9236.0,455.0,0.0,0.0,56.0,0.0,2500.0,38.0,138.0,275.0,27.0,20180423 14:14:40.070000,20180423 22:14:40.000000,2
648,8888,68,8888.0,8887.45,8884.96,8884.22,8883.96,9285.05,9280.0,9260.0,9250.0,9236.0,455.0,0.0,0.0,56.0,0.0,2500.0,38.0,138.0,275.0,27.0,20180423 14:14:40.070000,20180423 22:14:40.000000,2
649,8888,12,8888.0,8887.45,8884.96,8884.22,8883.96,9285.05,9280.0,9260.0,9250.0,9236.0,455.0,0.0,0.0,56.0,0.0,2500.0,38.0,138.0,275.0,27.0,20180423 14:14:40.070000,20180423 22:14:40.000000,2
650,8888,2,8888.0,8887.45,8884.96,8884.22,8883.96,9285.05,9280.0,9260.0,9250.0,9236.0,455.0,0.0,0.0,56.0,0.0,2500.0,38.0,138.0,275.0,27.0,20180423 14:14:40.070000,20180423 22:14:40.000000,2
651,8888,2,8888.0,8887.45,8884.96,8884.22,8883.96,9285.05,9280.0,9260.0,9250.0,9236.0,455.0,0.0,0.0,56.0,0.0,2500.0,38.0,138.0,275.0,27.0,20180423 14:14:40.070000,20180423 22:14:40.000000,2
652,8888,38,8888.0,8887.45,8884.96,8884.22,8883.96,9285.05,9280.0,9260.0,9250.0,9236.0,455.0,0.0,0.0,56.0,0.0,2500.0,38.0,138.0,275.0,27.0,20180423 14:14:40.070000,20180423 22:14:40.000000,2
653,8888,34,8888.0,8887.45,8884.96,8884.22,8883.96,9285.05,9280.0,9260.0,9250.0,9236.0,455.0,0.0,0.0,56.0,0.0,2500.0,38.0,138.0,275.0,27.0,20180423 14:14:40.070000,20180423 22:14:40.000000,2
654,8888.1,2,8888.0,8887.45,8884.96,8884.22,8883.96,9285.05,9280.0,9260.0,9250.0,9236.0,455.0,0.0,0.0,56.0,0.0,2500.0,38.0,138.0,275.0,27.0,20180423 14:14:40.070000,20180423 22:14:40.000000,2
655,8888,50,8888.0,8887.45,8884.96,8884.22,8883.96,9285.05,9280.0,9260.0,9250.0,9236.0,455.0,0.0,0.0,56.0,0.0,2500.0,38.0,138.0,275.0,27.0,20180423 14:14:40.070000,20180423 22:14:40.000000,2
656,8888,2,8888.0,8887.45,8884.96,8884.22,8883.96,9285.05,9280.0,9260.0,9250.0,9236.0,455.0,0.0,0.0,56.0,0.0,2500.0,38.0,138.0,275.0,27.0,20180423 14:14:40.070000,20180423 22:14:40.000000,2
657,8888.1,4,8888.0,8887.45,8884.96,8884.22,8883.96,9285.05,9280.0,9260.0,9250.0,9236.0,455.0,0.0,0.0,56.0,0.0,2500.0,38.0,138.0,275.0,27.0,20180423 14:14:40.070000,20180423 22:14:40.000000,2
658,8888,104,8888.0,8887.45,8884.96,8884.22,8883.96,9285.05,9280.0,9260.0,9250.0,9236.0,455.0,0.0,0.0,56.0,0.0,2500.0,38.0,138.0,275.0,27.0,20180423 14:14:40.070000,20180423 22:14:40.000000,2
660,8888,104,8888.0,8884.22,8881.83,8881.59,8880.86,9285.05,9280.0,9260.0,9250.0,9236.0,226.0,0.0,43.0,19.0,61.0,0.0,0.0,0.0,0.0,0.0,20180423 14:14:40.621000,20180423 22:14:40.000000,1
672,8888,106,8888.0,8884.22,8881.83,8881.59,8880.86,9285.05,9280.0,9260.0,9250.0,9236.0,226.0,0.0,43.0,19.0,61.0,0.0,0.0,0.0,0.0,0.0,20180423 14:14:40.621000,20180423 22:14:40.000000,2
673,8888,62,8888.0,8884.22,8881.83,8881.59,8880.86,9285.05,9280.0,9260.0,9250.0,9236.0,226.0,0.0,43.0,19.0,61.0,0.0,0.0,0.0,0.0,0.0,20180423 14:14:40.621000,20180423 22:14:40.000000,2
674,8888,2,8888.0,8884.22,8881.83,8881.59,8880.86,9285.05,9280.0,9260.0,9250.0,9236.0,226.0,0.0,43.0,19.0,61.0,0.0,0.0,0.0,0.0,0.0,20180423 14:14:40.621000,20180423 22:14:40.000000,2
675,8888,68,8888.0,8884.22,8881.83,8881.59,8880.86,9285.05,9280.0,9260.0,9250.0,9236.0,226.0,0.0,43.0,19.0,61.0,0.0,0.0,0.0,0.0,0.0,20180423 14:14:40.621000,20180423 22:14:40.000000,2
676,8888,18,8888.0,8884.22,8881.83,8881.59,8880.86,9285.05,9280.0,9260.0,9250.0,9236.0,226.0,0.0,43.0,19.0,61.0,0.0,0.0,0.0,0.0,0.0,20180423 14:14:40.621000,20180423 22:14:40.000000,2
677,8888,2,8888.0,8884.22,8881.83,8881.59,8880.86,9285.05,9280.0,9260.0,9250.0,9236.0,226.0,0.0,43.0,19.0,61.0,0.0,0.0,0.0,0.0,0.0,20180423 14:14:40.621000,20180423 22:14:40.000000,2
678,8888,2,8888.0,8884.22,8881.83,8881.59,8880.86,9285.05,9280.0,9260.0,9250.0,9236.0,226.0,0.0,43.0,19.0,61.0,0.0,0.0,0.0,0.0,0.0,20180423 14:14:40.621000,20180423 22:14:40.000000,2
679,8888.17,16,8888.0,8884.22,8881.83,8881.59,8880.86,9285.05,9280.0,9260.0,9250.0,9236.0,226.0,0.0,43.0,19.0,61.0,0.0,0.0,0.0,0.0,0.0,20180423 14:14:40.621000,20180423 22:14:40.000000,2
680,8888.18,142,8888.0,8884.22,8881.83,8881.59,8880.86,9285.05,9280.0,9260.0,9250.0,9236.0,226.0,0.0,43.0,19.0,61.0,0.0,0.0,0.0,0.0,0.0,20180423 14:14:40.621000,20180423 22:14:40.000000,2
681,8888,96,8888.0,8884.22,8881.83,8881.59,8880.86,9285.05,9280.0,9260.0,9250.0,9236.0,226.0,0.0,43.0,19.0,61.0,0.0,0.0,0.0,0.0,0.0,20180423 14:14:40.621000,20180423 22:14:40.000000,2
682,8888,102,8888.0,8884.22,8881.83,8881.59,8880.86,9285.05,9280.0,9260.0,9250.0,9236.0,226.0,0.0,43.0,19.0,61.0,0.0,0.0,0.0,0.0,0.0,20180423 14:14:40.621000,20180423 22:14:40.000000,2
